2978 4934
419 434 599 491 AUCTORE
617 434 828 491 EINHARDO.
864 435 900 491 h
918 437 1069 492 826-829.
1295 440 1329 494 25

159 614 256 669 venit.
294 612 521 681 GuiPippinus
540 611 624 665 filius
643 612 826 680 imperatoris
853 629 916 665 cum
940 613 1109 666 exercitu
1131 614 1255 667 missus
1273 631 1329 667 re-

157 685 328 749 sisteret,
354 684 419 736 nisi
445 683 547 736 desidia
566 683 674 751 ducum,
694 700 762 749 quos
781 683 899 750 copiis
917 683 1094 750 praefecerat,
1115 685 1227 750 tardius,
1246 703 1328 752 quam

157 773 250 809 rerum
269 755 412 808 necessitas
431 755 594 822 postulabat,
613 754 644 821 is,
665 771 747 820 quem
766 753 910 820 ducebant,
932 754 1127 808 1811111111ιι
1148 757 1265 809 venisset
1283 774 1328 810 ex·

157 827 266 881 ercitus.
304 824 379 894 Quae
398 825 511 877 tarditas
530 824 559 876 in
577 828 685 877 tantum
703 824 785 877 noxia
802 824 862 891 fuit,
888 828 919 876 ut
937 823 1116 878 Abumarvan
1133 827 1243 879 vastatis
1262 827 1328 879 Bar-

158 895 369 951 ainonensiumb
400 913 431 949 ac
458 894 678 948 Gerundensiurn
703 895 774 964 agris
799 895 922 962 villisque
947 894 1062 949 incensis
1088 914 1151 949 cum
1176 897 1323 950 incolomie

158 968 279 1022 exercitu
298 965 561 1036 Caesaraugustam<l
582 983 610 1019 se
629 966 703 1034 prius
721 965 863 1034 reciperet,
889 983 971 1033 quam
995 983 1011 1019 a
1033 965 1257 1020 Francorum
1283 986 1328 1021 ex·

156 1039 245 1093 ercitu
269 1038 401 1106 potuisset
425 1038 469 1091 vel
493 1037 588 1091 videri.
627 1035 717 1089 Huius
743 1037 825 1089 cladis
850 1037 990 1106 praesagia
1016 1037 1119 1090 credita
1144 1043 1207 1091 sunt
1231 1040 1323 1092 111111θ

155 1107 316 1162 multotiesf
337 1109 366 1160 in
384 1109 486 1162 caeloe
515 1109 585 1161 acies
611 1111 638 1160 et
663 1107 708 1160 ille
734 1108 861 1160 terribilis
886 1106 1061 1161 nocturnaeh
1088 1110 1281 1162 coruscationis
1300 1110 1328 1161 in

155 1197 219 1233 aere
239 1180 381 1233 discursus.
418 1179 528 1232 Interea
546 1177 675 1248 Bulgarii
702 1177 812 1232 Sclavos
830 1179 859 1230 in
876 1177 1020 1232 Pannonia
1038 1180 1161 1233 sedentes
1179 1181 1260 1233 misso
1279 1198 1328 1248 per

156 1250 278 1303 Dravum
305 1250 395 1303 navali
423 1249 543 1302 exercitu
570 1249 643 1302 ferro
672 1252 699 1302 et
726 1248 810 1317 ignik
837 1253 1012 1302 vastaverunt
1036 1254 1064 1303 et
1088 1251 1205 1318 expulsis
1233 1269 1328 1304 eorum

157 1321 270 1374 ducibus
289 1319 465 1390 Bulgaricosl
491 1337 572 1387 super
591 1337 636 1372 eos
655 1322 774 1373 rectores
794 1319 1000 1376 constituerunt.
1038 1320 1159 1389 Corpora
1184 1323 1328 1375 beatorum

155 1409 257 1462 Christi
274 1412 435 1476 martyrum
447 1407 602 1462 Marcellini
621 1411 648 1461 et
660 1407 736 1461 Petri
756 1425 849 1461 mense
867 1395 1096 1461 Novembrlol
1114 1410 1142 1461 in
1155 1409 1328 1464 Franciamln

155 1481 394 1620 allatahsliigte'nio
419 1566 490 1617 papa
516 1549 686 1602 defuncto
707 1549 870 1603 Valentinus
895 1550 1025 1603 diaconus
1050 1552 1247 1617 successit3
1273 1569 1327 1620 quo

156 1625 263 1689 postn
285 1638 419 1689 paucos
446 1620 523 1673 dies
541 1624 684 1673 mortuo
704 1619 852 1688 Gregorius
871 1622 1027 1689 presbyter
1044 1622 1117 1675 tituli
1135 1624 1221 1676 sancti
1239 1623 1328 1677 Marci

156 1691 422 1760 pontificatum
444 1691 617 1758 suscepit.

262 1767 555 1832 DOOOXXVIII.
590 1767 790 1849 Reliquiae⁰
807 1769 919 1831 sancti
931 1768 1127 1833 Marcellini
1142 1771 1322 1854 martyrisp

155 1860 233 1941 post
263 1858 391 1940 pascha
421 1857 466 1919 ad
489 1855 598 1938 Aquis
628 1855 797 1938 palatium
828 1856 985 1920 delatael
1017 1860 1072 1920 etr
1100 1876 1160 1946 per
1190 1878 1246 1922 eas
1277 1859 1326 1922 ibi

154 1945 267 2008 multa
290 1946 389 2028 signa
411 1945 507 2007 iacta
529 1945 641 2007 sunia

261 2027 486 2080 Η101111111118·3
505 2044 567 2080 cum
587 2027 708 2080 exercitu
720 2027 756 2080 ad
767 2045 888 2080 marcam
900 2027 1096 2095 Hispanioamt
1121 2029 1160 2080 mi
1167 2046 1198 2100 ss
1207 2047 1244 2082 us
1264 2035 1325 2098 est,
1336 2046 1437 2090 11111.

156 2104 314 2167 similiter
330 2108 365 2168 et
377 2103 623 2167 Hludoiricusu
638 2103 771 2168 iuvenis
788 2107 908 2168 contra
920 2104 1152 2188 Bulgarosvr.
1180 2116 1326 2171 Foedusw

156 2205 232 2240 cum
257 2186 449 2240 Nordmannis
474 2186 612 2240 factum
636 2203 700 2253 per
725 2187 1000 2256 neglegentiam
1025 2191 1157 2256 ruptum
1181 2192 1209 2240 et
1232 2193 1326 2242 castra

155 2262 337 2311 nostrorum
357 2275 372 2310 a
390 2257 636 2311 Nordmannis
655 2257 782 2325 direpta
800 2261 891 2313 sunt.

59 2356 145 2406 *naeu
245 2343 510 2400 *Doocxxvmi
547 2345 622 2398 Ante
646 2345 746 2413 pascha
773 2334 811 2396 in
838 2335 1010 2398 sabbat0⁸
1042 2336 1182 2400 sanct0⁵
1207 2354 1322 2402 terraer
1335 2365 1365 2406 iu.

155 2421 245 2469 motus
264 2421 347 2469 noctu
366 2416 546 2485 Aquisgrani
571 2416 667 2472 factus.
702 2416 858 2484 Imperator
875 2418 1030 2486 generalem
1050 2423 1213 2472 conventum
1232 2438 1325 2473 mense

155 2505 281 2574 Augusto
300 2505 493 2558 wormaciam
523 2504 646 2559 habuit.
699 2492 871 2576 Bulgaria
903 2494 1049 2558 navibus
1080 2515 1140 2578 per
1170 2496 1324 2559 Dravum

154 2668 176 2712 a)
191 2666 338 2707 1111111112,
416 2665 439 2712 b)
457 2664 658 2704 barcenonensium
677 2665 696 2706 3.
771 2667 791 2711 c)
810 2665 914 2703 incolomi
933 2676 990 2707 corr,
1008 2667 1115 2705 incolumi
1134 2670 1156 2718 1;
1182 2669 1287 2706 incolumi
1306 2670 1325 2710 2,

154 2717 178 2765 d>
193 2729 320 2766 cesaraug.
334 2719 353 2760 3.
401 2720 421 2765 e)
436 2718 484 2756 vise
498 2719 517 2760 3.
564 2718 946 2766 1)111110111111;1111111οοί1112.
985 2723 1007 2768 g)
1022 2720 1070 2759 celo
1085 2721 1103 2763 3.
1145 2721 1167 2767 h)
1182 2728 1291 2761 nocturne
1306 2724 1324 2764 3.

155 2772 171 2819 i)
185 2772 273 2820 uulgari
287 2774 306 2814 1.
320 2772 340 2813 2.
404 2771 428 2818 k)
443 2771 494 2819 igne
509 2774 527 2812 1.
541 2772 560 2812 2,
624 2772 639 2817 l)
654 2771 780 2819 uulgaricos
795 2773 813 2814 1.
828 2771 847 2812 2.
913 2774 943 2818 m)
957 2773 1063 2812 frantiam
1077 2774 1096 2815 3.
1161 2777 1184 2821 1)
1199 2779 1292 2824 propter
1305 2776 1325 2818 3.
1397 2769 1399 2772 ’

154 2827 176 2871 ο)
191 2825 294 2874 Reliquie
308 2825 327 2866 3.
374 2827 398 2873 p)
413 2824 510 2863 martiris
526 2826 544 2865 1.
592 2826 615 2873 q)
631 2822 705 2863 delate
719 2825 738 2863 3.
783 2827 802 2871 1)
816 2828 840 2863 et
853 2826 909 2862 dccet
922 2826 942 2867 2.
982 2829 1001 2873 1)
1015 2827 1142 2867 hlutharius
1157 2828 1176 2869 3.
1218 2831 1235 2875 1)
1250 2829 1325 2878 hispa-

154 2879 215 2916 niam
229 2879 248 2920 2.
309 2880 331 2924 u)
347 2876 486 2916 hludewicus
500 2878 519 2931 3.
581 2880 603 2924 v)
618 2878 722 2926 uulgares
737 2879 760 2927 13
780 2877 884 2926 vulgaros
898 2879 917 2919 2.
978 2883 1008 2927 w)
1023 2878 1086 2919 fedus
1101 2882 1120 2922 3.
1174 2884 1198 2928 x)
1211 2883 1291 2921 sabato
1305 2883 1325 2924 3.

69 2949 72 2953 ·
154 2933 178 2981 y)
193 2936 252 2970 terre
266 2931 285 2972 3.
340 2933 359 2977 z)
374 2931 494 2969 wormacia
509 2933 526 2971 1.
541 2931 560 2972 ³.
614 2933 636 2979 a)
650 2931 743 2979 Vulgari
758 2933 776 2972 1.
791 2931 811 2973 2.

155 3054 181 3121 1)
199 3053 328 3107 Octobric
352 3055 424 3108 Ann.
443 3055 544 3115 Laur.;
569 3055 710 3105 secundum
736 3054 949 3106 Translationem
972 3057 1128 3108 Marcellini
1148 3065 1172 3109 ct
1194 3059 1270 3109 Petri
1291 3059 1325 3110 ab

152 3126 298 3176 Einharclo
315 3127 490 3192 emiseriptam
508 3125 570 3190 (SS.
589 3125 651 3190 XV,
669 3143 697 3192 p.
716 3127 865 3180 238-264.
885 3127 924 3181 al.
943 3128 1042 3191 Waitz)
1066 3129 1088 3193 I,
1110 3131 1176 3194 lsq.
1195 3131 1325 3195 reliquiae

151 3203 306 3248 sannarum
323 3203 395 3248 santo
413 3197 463 3261 elie,
480 3202 620 3262 postquam
633 3196 721 3263 Papia
739 3197 844 3248 adamae
861 3204 947 3262 erant,
967 3199 1004 3248 ad
1022 3205 1141 3250 sanctum
1159 3199 1324 3250 Mauriciurn

151 3268 331 3327 adverterunt·
356 3268 416 3318 inde
443 3267 612 3318 ‘Salodurum
636 3267 863 3332 Burgundionum
887 3269 1024 3334 umidum'
1049 3270 1233 3335 (Sciathurn),
1263 3272 1324 3322 inde

154 3338 371 3403 Argentoratum,
391 3339 453 3389 incle
470 3337 703 3389 Micleilinetaclum
721 3339 871 3390 translatae
888 3345 958 3404 eunt,
978 3341 1047 3392 unde
1065 3340 1143 3394 XVI.
1161 3341 1226 3393 Kal.
1245 3341 1323 3395 Febr.

151 3409 225 3476 (828)
242 3409 448 3460 Mulinleeimum
467 3409 669 3473 (Seliqenstadt)
684 3415 867 3475 peruenerant.
904 3410 977 3460 Haec
994 3412 1065 3460 inter
1077 3412 1197 3462 Annales
1208 3411 1323 3462 Lauria-

151 3495 239 3531 senses
255 3487 279 3530 a
296 3487 400 3531 nostroe
417 3480 598 3546 discrepantia
616 3479 696 3543 facile
713 3480 826 3531 soluitur
843 3496 874 3531 ea
890 3495 927 3545 re,
947 3481 1016 3546 quod
1028 3481 1105 3532 acrba
1126 3483 1164 3531 ‘in
1175 3482 1323 3532 Franciam

152 3550 241 3601 allata
267 3551 339 3602 sunt’
363 3553 393 3601 in
417 3552 510 3601 cariae
532 3552 675 3601 sententias
701 3551 816 3616 accipere
842 3550 915 3602 licet:
943 3553 1057 3614 fcr'tasee
1083 3551 1212 3617 reliquiae
1239 3568 1324 3603 mense

153 3621 260 3672 Octobri
270 3622 424 3686 Apaunum,
444 3621 585 3672 Nouembri
596 3621 828 3672 Michilinetadum
846 3628 1003 3687 anputatae
1020 3628 1090 3676 sunt.
1128 3622 1169 3686 Cf.
1183 3624 1221 3676 W.
1236 3624 1323 3674 (11111-

151 3692 248 3757 breclet,
277 3692 383 3745 ‘Jahrh
409 3693 435 3746 el.
461 3692 523 3745 niet.
550 3691 590 3746 ct.
615 3693 641 3746 el.
666 3692 776 3757 Kiniql.
803 3692 893 3746 Alcaei.
917 3693 943 3746 d.
968 3693 1064 3757 Wisa’,
1091 3693 1223 3744 Menneu
1242 3695 1320 3760 1865,

149 3779 179 3829 p.
198 3765 250 3817 229
269 3780 341 3829 sqq.,·
359 3762 440 3827 Jaffi,
461 3763 532 3816 Bibl.
551 3763 601 3828 IV,
618 3780 647 3830 p.
665 3764 727 3817 498.
799 3763 827 3829 2)
844 3763 916 3814 Pars
932 3764 1029 3815 scilicet
1046 3764 1225 3830 reliquiarum
1245 3765 1322 3816 Mar·

151 3833 250 3898 cellini,
270 3850 350 3899 quam
367 3834 515 3885 Hildainus
532 3833 613 3884 abbas
631 3834 728 3885 iniuste
745 3833 798 3884 sibi
814 3835 970 3900 retinuerat,
993 3842 1109 3887 manente
1126 3836 1270 3887 Einharrlo
1288 3837 1323 3887 ab

152 3904 201 3955 illc
221 3911 282 3970 post
296 3904 399 3971 pascha
417 3920 443 3958 a.
460 3906 522 3958 828.
540 3905 633 3970 Aquae
650 3905 740 3955 delata
757 3911 781 3955 et
799 3906 860 3957 inde
884 3906 970 3956 eodem
994 3922 1065 3957 anno
1089 3907 1199 3958 maneta
1219 3907 1322 3957 Mulin·

151 3974 234 4026 heimi
257 3991 316 4025 cum
340 3977 431 4026 ceteris
454 3976 592 4026 coniuncta
617 3981 671 4036 eet,·
695 3976 730 4039 cf.
752 3975 860 4030 Transi.
880 3975 918 4041 ΙΙ,
944 3979 1051 4043 3eqq.,·
1077 3977 1239 4029 Gimeireclrt
1265 3978 1283 4032 l.
1304 3979 1321 4032 l.

151 4045 180 4110 3)
197 4046 290 4096 Etiam
308 4048 338 4096 in
356 4045 402 4097 hoc
419 4061 490 4097 anno
508 4052 532 4097 et
548 4061 584 4110 eo,
604 4047 652 4111 qui
669 4047 795 4111 sequitur,
820 4047 969 4113 compluria
990 4064 1049 4098 cum
1067 4049 1138 4102 Ann.
1157 4048 1244 4103 Lanr.
1262 4064 1322 4099 con·

150 4123 270 4180 gruunt·
289 4123 376 4168 tannen
394 4116 484 4167 dubito
501 4133 539 4166 an
556 4117 732 4167 Fnleleneium
750 4123 844 4168 auctor
861 4118 923 4168 hinc
940 4133 994 4169 nan
1012 4120 1080 4185 aps-is
1091 4118 1320 4184 Lauricsencibus,

152 4188 197 4237 sed
210 4187 372 4238 bremmibns
383 4188 468 4238 solum
480 4187 538 4238 illic
549 4187 702 4251 annalibus,
723 4202 788 4253 quoe
800 4189 945 4239 Blandinii
956 4195 1028 4240 artos
1041 4186 1094 4240 csse
1105 4205 1190 4255 supra
1203 4193 1241 4255 (a.
1254 4191 1321 4252 817)

152 4260 283 4324 suspicati
300 4274 399 4322 menna,
425 4273 490 4309 usus
507 4259 550 4312 eit.
643 4258 671 4323 4)
688 4258 729 4309 De
746 4258 796 4309 hac
813 4259 975 4324 inpeditiora
997 4260 1031 4322 cf.
1051 4260 1198 4324 Dimmler,
1220 4261 1321 4313 ‘Gesch

150 4329 181 4449 ἕ,
198 4328 420 4450 perseueranter
438 4329 554 4380 Reiches'
574 4327 608 4392 ²I,
625 4346 653 4395 p.
673 4330 707 4382 37
720 4344 757 4394 sq.
841 4329 869 4396 5)
885 4329 978 4395 paucis
997 4331 1060 4382 ante
1079 4333 1203 4381 sanctum
1221 4329 1323 4396 pascha

174 4397 196 4449 'e
217 4415 247 4450 us
266 4400 337 4454 Ann.
356 4400 442 4453 Laur.
