2978 4934
198 418 232 471 26
462 414 553 472 ΑΝΝ.
571 414 681 470 FULD.
703 414 802 469 PARS
820 413 844 470 I.
862 413 1102 483 (SELIGENST.)

198 597 341 661 fluvium
356 598 532 662 venientes
556 599 721 681 quasdam
737 597 838 661 villas
862 601 1057 661 nostrorum
1081 597 1215 660 flumini
1237 598 1370 660 vicinas

198 687 435 750 incenderunt.
481 696 662 751 Bernhardus
682 707 805 751 comesa
827 696 1061 750 Barcinonensis
1080 697 1109 748 in
1126 698 1227 764 palatio
1247 715 1370 750 camera·

198 769 267 820 rius
287 769 484 834 constitutus,
504 773 538 822 et
556 767 756 821 Hlothariusb
780 770 808 820 in
826 767 935 821 Italiam
953 768 1145 836 profectus
1165 772 1227 823 esi.

93 849 189 892 aser-t.
304 838 489 896 Doooxxx.
526 838 1369 907 commoti0¹00ntrsimperatoremaprimo-
1412 896 1414 899 ,

198 910 299 962 ribus
316 908 537 963 Francorum
556 909 827 978 incompendio
847 914 976 962 exorta
993 909 1370 978 propterBernhardum,

199 997 300 1047 quem
319 981 354 1031 in
372 981 514 1048 palatio
533 997 610 1033 esse
629 981 838 1036 noluerunt.
875 979 950 1049 Quo
974 981 1058 1033 iude
1082 981 1235 1048 depulso
1259 984 1369 1047 atque

199 1051 307 1119 fugato
324 1051 359 1102 in
375 1051 533 1119 gratiam
550 1069 626 1104 cum
644 1069 680 1104 eo
697 1051 906 1119 redierunt,
925 1051 987 1104 sed
1005 1052 1047 1104 ad
1064 1051 1174 1105 breve
1191 1052 1370 1119 temporis

200 1140 211 1174 s
244 1122 387 1174 atiume.

160 1140 236 1245 inp
305 1191 506 1248 DGOOXXXI.
543 1191 1030 1262 Conveniuapuchviomagum
1049 1192 1370 1259 habito²impera·

198 1267 257 1316 tor
274 1280 409 1331 omnes,
429 1263 559 1330 quisibi
577 1264 760 1316 contrarii
777 1263 943 1329 fuerunt,
961 1264 1064 1316 velut
1081 1264 1178 1315 iuste
1198 1266 1370 1316 exaucto·

198 1352 310 1417 ravim
334 1340 499 1421 quosdam
520 1339 678 1422 publicis,
703 1341 867 1423 quosdam
893 1341 1035 1423 privatis
1057 1339 1160 1404 rebus
1183 1339 1369 1422 expolians

199 1440 373 1506 quosdam
398 1439 434 1490 in
460 1439 611 1491 exilium
636 1440 786 1493 mittens
813 1428 963 1490 mulium
987 1431 1106 1491 contra
1129 1447 1164 1491 se
1188 1431 1223 1491 eii
1247 1428 1371 1491 Iudith

199 1536 341 1579 uxorem
363 1536 460 1578 suam
483 1536 554 1578 non
576 1516 688 1579 solum
711 1517 839 1600 populi,
864 1518 925 1581 sed
944 1517 1049 1580 eiiam
1065 1516 1215 1579 filiorum
1231 1536 1371 1579 suorum

200 1604 331 1666 animos
355 1604 551 1667 concitavit.

160 1719 190 1761 ih.
306 1703 523 1759 DCOOXXXII.
550 1694 1368 1773 ImperamrmenseMaiocontraffludowicumd

200 1773 322 1828 filium
350 1774 384 1827 ad
411 1775 578 1845 Augustam
603 1776 861 1830 vindelicame
894 1793 957 1828 oum
986 1776 1107 1829 exercitu
1133 1776 1215 1830 venii.
1262 1774 1373 1827 Inde³

200 1862 370 1899 reversus
393 1846 428 1898 in
446 1846 684 1914 Aquitaniam
703 1846 851 1915 Pippinum
869 1845 956 1899 filium
974 1864 1086 1917 regno
1105 1847 1283 1914 privavit3
1309 1845 1372 1898 sed

200 1934 298 2000 inde,
324 1926 505 2005 postquam
528 1943 668 1987 uxorem
689 1922 892 1999 abdicanti,
918 1944 995 1986 cum
1015 1943 1141 2005 magna
1161 1923 1372 1986 difficultate

201 2011 245 2074 ad
268 2012 428 2093 Aquense
451 2011 620 2094 palatium
649 2041 840 2092 regressus
864 2027 925 2079 esi.
969 2011 1028 2075 Sol
1056 2011 1184 2075 defecii
1206 2011 1256 2073 Π.
1280 2010 1371 2073 Non.

200 2099 282 2162 Mai.
307 2115 341 2164 eb
358 2112 444 2164 luna
461 2110 564 2166 XIII.
583 2111 659 2166 Kal.
678 2111 839 2167 Ioniis-⁵.

161 2197 191 2240 ib.
307 2181 539 2238 DCOOXXXIII.
562 2181 751 2250 Imperator
763 2182 845 2235 initio
854 2182 899 2233 Ν
909 2180 1151 2252 quadragesimaeh
1161 2180 1365 2235 Wormaciami

200 2270 275 2323 venit
294 2275 328 2322 ei
346 2259 395 2322 ibi
414 2279 519 2322 uxore
534 2259 716 2322 revoeaia4
740 2275 848 2337 alque
867 2271 988 2324 exercitu
1007 2274 1206 2339 congregato
1226 2269 1373 2323 contral

202 2340 305 2393 filios
331 2358 412 2394 suos
438 2340 480 2393 ad
505 2359 540 2393 se
564 2341 691 2394 venire
716 2342 885 2394 volentes
911 2342 946 2393 in
967 2340 1152 2394 Alisatiamk
1179 2339 1372 2407 profectus

202 2416 309 2478 atque
332 2411 385 2464 ibi
403 2428 419 2464 a
438 2411 511 2464 suis
535 2413 704 2465 desertus
728 2429 766 2465 ac
784 2413 954 2479 proditus
973 2416 1007 2465 et
1025 2412 1061 2463 in
1079 2412 1245 2464 filiorum
1268 2414 1372 2477 poie-

200 2486 333 2606 {ziatem
360 2483 534 2536 redactus
563 2489 623 2539 est.
670 2483 758 2537 Erat
785 2484 837 2536 ibi
864 2501 940 2537 cum
968 2483 1063 2536 filiis
1092 2483 1252 2552 Gregorius
1280 2497 1374 2549 papa

235 2571 388 2610 omanus.

200 2721 304 2797 asconis
319 2750 338 2791 3.
392 2750 414 2797 b)
428 2747 561 2789 hludharius
576 2750 595 2791 3.
643 2751 663 2796 c)
677 2750 778 2799 spacium
792 2750 812 2792 2.
859 2747 1082 2797 d)h111dawicum3.
1131 2753 1151 2797 e)
1166 2748 1302 2789 vindelicam
1317 2749 1369 2797 1.2;

200 2813 261 2841 -cum
275 2813 332 2844 corr.
342 2814 400 2841 -cam
415 2803 434 2845 3.
474 2803 694 2850 0X111.Non.1un.
708 2804 727 2844 3.
781 2806 803 2850 g)
817 2803 841 2842 in
855 2803 920 2842 initio
935 2806 957 2855 13
972 2804 1040 2842 inicio
1056 2804 1075 2846 2.
1130 2804 1153 2851 h)
1167 2800 1337 2852 quadragesime
1351 2802 1373 2845 3.

201 2856 218 2904 i)
232 2856 384 2894 wormaticam
398 2857 417 2898 3.
471 2855 495 2903 k)
509 2856 611 2895 alsatiam
626 2857 648 2905 13
663 2855 776 2895 Alsaciam
790 2857 809 2898 2.

202 3032 228 3099 1)
245 3032 285 3083 De
303 3032 347 3083 bis
364 3032 442 3083 rebus
464 3033 498 3096 cf.
517 3033 630 3097 Simsou,
652 3031 832 3083 ‘Jabrbdcber
849 3032 978 3098 [ludicius
996 3034 1041 3085 des
1058 3032 1208 3084 Frommen'
1226 3032 1250 3096 I,
1271 3050 1299 3098 p.
1318 3033 1373 3086 352

185 3105 306 3164 ¹-355;
331 3103 472 3154 Dimmlar
490 3104 507 3156 i.
528 3104 544 3158 i.
561 3121 589 3170 p.
608 3104 723 3158 55-58.
760 3103 865 3154 Abhinc
880 3120 964 3170 paene
982 3105 1080 3169 munia,
1100 3119 1165 3170 quae
1183 3105 1213 3153 in
1231 3103 1280 3153 baa·
1298 3104 1371 3157 Anu.

200 3175 281 3228 Fuld.
297 3181 378 3241 paria
395 3181 557 3240 narrantur,
577 3191 635 3226 cam
653 3175 725 3228 Aun.
743 3174 913 3226 Bertiuianis
930 3176 960 3225 in
977 3175 1055 3226 rebus
1073 3181 1150 3240 atque
1167 3176 1274 3240 saepius
1290 3175 1371 3224 eiiam

201 3247 231 3296 in
253 3246 338 3296 uerbis
359 3252 515 3310 eonqruuni.
555 3246 652 3297 Tamen
670 3261 725 3296 non
742 3261 776 3296 en
793 3247 861 3312 ipsis
878 3247 916 3296 eis
933 3246 1079 3296 annalibus
1100 3245 1183 3296 multo
1206 3245 1372 3309 largioribus

200 3323 304 3368 nostros
328 3317 471 3368 admodum
497 3317 582 3368 breues
606 3316 715 3367 haustos
739 3332 792 3368 esse
816 3316 938 3380 dieamus,
965 3318 997 3382 si,
1024 3317 1151 3381 qaronrodo
1175 3322 1268 3366 auctor
1292 3322 1373 3365 anua

200 3388 354 3439 Annalibus
365 3387 588 3439 Laurissensr'bas
598 3403 664 3439 usus
675 3390 719 3453 sii,
739 3388 958 3454 reportaverimus,
978 3387 1022 3438 sed
1040 3403 1072 3438 en
1088 3388 1252 3452 interpositis
1264 3386 1372 3451 quibus·

200 3459 263 3508 dam
281 3459 347 3510 aliis
364 3459 534 3524 breuioribus,
560 3459 654 3510 eisdem
680 3459 805 3523 uidelicet,
832 3473 896 3523 quos
919 3473 1004 3524 srapra
1029 3461 1068 3523 (a.
1088 3459 1154 3524 817)
1173 3458 1374 3508 Biandinianos

201 3529 328 3583 dinimus.
401 3529 428 3597 2)
445 3531 534 3581 Mense
547 3529 652 3581 Octobri
668 3531 737 3580 anni
748 3531 808 3583 830.
827 3529 877 3589 P.,·
895 3531 1096 3579 coniuratorum
1114 3529 1252 3578 damnatio
1270 3543 1295 3580 a.
1308 3529 1372 3580 831.

200 3601 304 3652 demum
321 3617 406 3652 mense
425 3601 575 3652 Februario
593 3602 680 3666 Aquis
695 3602 814 3666 perfecta
832 3606 877 3652 esi.
915 3599 956 3661 Cf.
975 3599 1081 3650 Simson
1101 3598 1118 3652 l.
1136 3614 1156 3651 o.
1174 3616 1201 3664 p.
1214 3600 1372 3658 sss-363,-

200 3670 341 3723 demler
355 3689 385 3739 p.
397 3672 512 3726 59-62.
585 3671 612 3736 3)
630 3671 671 3734 Cf.
695 3671 817 3735 Tbeaani
832 3671 921 3721 Vitam
939 3669 1063 3722 Hiudmu.
1082 3671 1130 3722 41:
1149 3667 1213 3720 inde
1232 3670 1372 3719 revertens

200 3741 321 3807 perrexit
338 3741 367 3792 in
379 3738 573 3807 Aquitaniam
591 3740 740 3807 imperator
758 3738 822 3791 inde
840 3742 978 3791 revertens
996 3738 1072 3792 venit
1086 3737 1189 3805 Aquis3
1208 3739 1311 3789 Simscn
1330 3739 1370 3803 H,

197 3829 226 3879 p.
241 3815 363 3874 23—30,·
382 3812 523 3862 Diimmier
536 3829 565 3878 p.
580 3813 694 3865 70-72.
766 3811 794 3876 4)
811 3811 900 3862 Errat
918 3817 1026 3873 auctam·
1044 3811 1091 3861 boe
1109 3811 1178 3860 enim
1197 3811 1252 3859 inm
1270 3825 1296 3862 a.
1309 3811 1372 3864 830.

202 3885 303 3946 facium
324 3889 369 3935 esi.
407 3882 513 3933 Simson
536 3883 568 3932 de
590 3881 669 3932 rebus
691 3898 717 3934 a.
736 3882 798 3936 833.
817 3888 841 3933 a
858 3882 919 3936 834.
944 3884 1024 3947 uestis
1048 3882 1162 3946 euadat,-
1186 3881 1231 3930 aui
1253 3881 1372 3944 equidem

201 3968 253 4007 nme
272 3954 410 4017 assentior,
428 3958 570 4018 prepterea
588 3952 657 4017 quod
675 3953 706 4003 de
724 3952 782 4004 iilis
800 3954 878 4016 infra
896 3955 935 4018 (a.
949 3954 1019 4016 834)
1038 3953 1133 4003 mentio
1150 3951 1188 4014 fii.
1260 3951 1288 4015 5)
1299 3952 1373 4001 Anu.

201 4025 291 4076 Bari:
321 4020 382 4089 Quo
406 4021 488 4074 etiam
511 4026 635 4088 tempore
659 4021 764 4089 eclipsis
789 4022 870 4074 lunae
892 4021 975 4078 XIII.
997 4020 1114 4074 Kalend.
1139 4019 1198 4073 Mai
1222 4025 1284 4088 post
1309 4020 1372 4072 solis

201 4109 327 4145 occasum
346 4091 419 4144 facia
437 4095 486 4146 est.
559 4094 586 4159 6)
604 4095 666 4144 anie
685 4092 793 4144 initium
811 4091 906 4160 quadr.
925 4096 997 4147 Arm.
1016 4094 1108 4146 Barth.
1183 4092 1208 4158 7)
1227 4092 1268 4156 Cf.
1291 4091 1372 4156 Trea.

206 4165 235 4218 V.
254 4164 339 4217 Hiud.
357 4165 408 4217 42:
434 4162 545 4230 audivit,
571 4166 602 4214 ui
626 4163 726 4215 iterum
751 4162 800 4215 filii
825 4164 866 4216 sui
891 4163 927 4216 ad
949 4180 1012 4216 cum
1034 4162 1127 4215 venire
1145 4161 1293 4214 voluissent
1315 4177 1374 4212 non

200 4231 328 4300 pacifice;
354 4233 402 4299 qui
426 4233 603 4302 congregavit
628 4233 785 4289 exercitmn.
812 4275 818 4289 .
843 4276 850 4290 .
874 4275 881 4289 .
906 4233 968 4286 Illii
994 4237 1085 4286 autem
1111 4231 1167 4284 eius
1192 4236 1375 4300 perrexerunt

201 4304 309 4356 obviam
335 4304 360 4357 ei
386 4321 448 4358 cum
474 4303 609 4372 Gregorio
633 4321 705 4372 papa
730 4304 865 4361 Romano.
909 4306 1013 4357 Simson
1035 4323 1065 4372 p.
1082 4306 1204 4366 44—53,·
1231 4304 1374 4355 demur
