2978 4934
308 429 498 502 (Ancronn
516 429 796 500 mamerano).
832 432 868 488 A.
887 436 1038 490 scr-sa.
1243 437 1280 490 cr

104 614 286 697 dignitatis
309 614 564 677 restitutionem
585 634 803 697 nequaquam
826 634 882 678 eos
905 615 943 677 in
958 615 1207 698 sempiternum
1229 635 1279 680 re

105 703 217 786 cipere
241 721 339 784 posse
363 705 616 766 commemorat.

213 790 369 873 Synodus
401 791 493 873 apud
517 789 770 853 Wormatiam⁸
803 809 920 855 mense
950 791 1043 854 Maio
1073 791 1194 855 habita
1224 795 1340 858 arna

104 881 285 963 praesente
308 877 513 941 Hludowico
542 898 633 960 rege,
664 877 724 941 ubi
753 879 903 962 episcopi
930 878 1100 941 nonnulla
1123 879 1278 963 capitula

105 968 147 1030 de
171 966 325 1030 utilitate
346 959 618 1030 aecclesiasticab
639 966 891 1030 conscribentes
908 966 1115 1031 Grecorum⁰
1135 968 1276 1051 ineptiis

104 1074 258 1138 congrua
281 1054 464 1118 ediderunt
487 1073 650 1138 responsa
661 1054 682 1115 1.

212 1137 444 1206 Hlotharius‘1
481 1161 542 1205 rex
573 1142 719 1206 Romam
757 1142 954 1225 profectus²
993 1163 1125 1206 summo
1160 1143 1276 1207 studio
1285 1165 1350 1218 (aa).

103 1231 199 1294 nisus
234 1234 288 1294 est
321 1229 561 1294 Waldratame
602 1250 680 1293 cum
714 1250 882 1294 consensu
918 1235 953 1295 et
986 1231 1104 1295 favore
1138 1230 1277 1295 Nicolai

103 1319 276 1402 pontificis
310 1318 529 1382 matrimonio
563 1319 629 1382 sibi
664 1319 887 1401 coniungere;
924 1321 984 1383 sed
1014 1339 1093 1383 eum
1122 1320 1191 1382 iam
1221 1320 1276 1383 de

103 1407 265 1470 functum
287 1399 482 1490 reperiensf
509 1407 546 1468 in
569 1407 807 1471 Beneventum
832 1409 876 1471 ad
899 1408 1043 1472 fratrem
1067 1427 1167 1470 suum
1189 1407 1277 1470 Hlu·

105 1495 295 1558 dowicum⁸
324 1495 473 1579 perrexit
502 1498 538 1558 et
568 1496 670 1558 huius
701 1495 844 1578 copulae
873 1495 1046 1560 fautorem
1072 1495 1173 1559 illum
1200 1496 1275 1560 fore

103 1582 293 1666 postulavit
323 1583 415 1666 apud
444 1577 670 1658 Adrianum*,
707 1584 766 1666 qui
795 1583 967 1647 Nicolaog
1003 1584 1040 1646 in
1069 1584 1277 1667 pontificatu

103 1671 281 1747 successit;
314 1672 375 1735 sed
404 1664 608 1755 petitionisll
635 1671 798 1736 effectum
820 1672 961 1736 minime
985 1675 1188 1736 consecutus
1212 1676 1275 1736 est.

211 1752 358 1823 Elodem¹
390 1779 480 1822 anno
503 1759 606 1824 stella
629 1763 777 1823 cometes
801 1779 861 1842 per
884 1760 1017 1841 aliquot
1040 1763 1158 1824 noctes
1174 1780 1276 1844 appa·

102 1847 211 1923 ruit43
242 1848 358 1911 fontes
388 1868 522 1930 quoque
547 1851 582 1912 et
605 1847 748 1910 flumina
776 1850 916 1931 propter
943 1849 1085 1911 nimiam
1113 1848 1276 1912 imbrium

103 1936 366 1999 inundationem
396 1936 578 2000 crescendo
608 1937 849 2000 intumuerunt
880 1940 915 2000 et
944 1956 1005 2019 per
1036 1936 1169 2000 diversa
1198 1936 1276 2000 loca

103 2025 140 2086 in
174 2024 333 2107 frugibus
368 2027 403 2088 et
438 2024 601 2088 aedificiis
637 2025 801 2088 damnum
838 2024 951 2089 fecere
986 2045 1056 2088 non
1089 2026 1273 2088 modicum.

103 2111 205 2176 Hanc
235 2112 373 2196 plagam
401 2112 510 2176 fames
541 2113 646 2177 etiam
674 2132 801 2194 magna
830 2133 908 2176 oum
935 2114 1070 2195 ingenti
1097 2107 1273 2195 perniciek

103 2201 247 2263 humani
266 2201 401 2283 generis
421 2220 481 2284 per
496 2203 607 2264 totam
624 2199 844 2265 Germaniam
859 2205 894 2263 et
911 2199 1061 2265 Galliam
1077 2203 1195 2264 secuta
1210 2203 1273 2264 est.

209 2421 537 2492 DOOOLXVIIII.¹
590 2428 713 2505 Sclavi,
743 2430 802 2512 qni
831 2433 997 2492 vocantur
1024 2428 1177 2506 Behemi‚
1208 2431 1274 2493 ter·

103 2517 214 2580 minos
237 2517 473 2580 Baioariorum
497 2516 623 2581 crebris
646 2516 897 2581 incursionibus
927 2517 1096 2580 infestant
1119 2520 1154 2580 et
1177 2536 1274 2598 quus·

104 2606 184 2668 dam
198 2604 299 2669 villas
322 2605 481 2668 incendio
501 2606 677 2668 tradentes
693 2605 852 2668 mulieres
868 2606 949 2672 inde
966 2605 1092 2668 duxere
1109 2606 1273 2688 captivas.

104 2692 234 2756 Oontra
256 2713 340 2775 quos
363 2692 588 2757 Hludowicus
616 2713 676 2756 rex
704 2697 837 2756 tutores
860 2694 1041 2776 partiumm
1063 2693 1203 2756 illarum
1225 2694 1274 2756 in-

102 2782 205 2844 terim
228 2782 330 2857 misit,
363 2783 471 2845 donec
499 2782 571 2864 ipse
595 2785 764 2864 oportuno
787 2784 940 2865 tempore
963 2802 1102 2845 suorum
1125 2781 1275 2845 vindica·

102 2872 202 2933 turus
225 2871 367 2932 iniurias
391 2870 428 2931 in
451 2870 640 2934 desertores
664 2890 759 2933 arma
782 2871 977 2953 corriperet.
1022 2869 1270 2934 Oarlmannus¹1

104 2958 309 3021 exercitibus
339 2958 487 3021 Raetini⁰
522 2957 574 3021 bis
604 2977 746 3022 numero
777 2979 977 3041 congressus
1006 2959 1116 3022 victor
1146 2959 1273 3035 extitit,

103 3047 286 3128 praedamp
314 3047 395 3110 inde
419 3046 555 3129 capiens
579 3067 649 3109 non
669 3047 848 3124 modicam,
873 3048 961 3110 sicut
984 3047 1057 3130 ipse
1080 3046 1205 3111 litteris
1229 3047 1275 3110 ad

103 3136 237 3216 patrem
266 3155 367 3197 suum
397 3134 577 3198 destinatis
606 3135 738 3199 retulit.
786 3134 906 3199 Sorabi
934 3139 969 3199 et
993 3135 1119 3198 Siusli⁵
1145 3135 1274 3198 iunctis

57 3219 182 3286 s1.*sibi
205 3222 386 3286 Behemisq
414 3224 449 3286 et
473 3223 594 3286 ceteris
625 3223 844 3286 circumcirca
871 3223 992 3286 vicinis
1022 3223 1181 3304 antiquos
1208 3226 1274 3286 ter

103 3310 212 3373 minos
229 3310 497 3392 Thuringiorum
512 3311 803 3393 transgredientes
827 3310 976 3394 plurima
997 3310 1075 3373 loca
1091 3311 1273 3373 devastant

103 3401 139 3461 et
162 3399 327 3479 quosdam
357 3398 423 3462 sibi
452 3399 590 3462 incaute
621 3399 880 3480 congredientes
910 3398 1133 3462 interficiunt.
1181 3395 1273 3460 Gun-

219 3550 245 3619 *)
262 3550 302 3607 Π.
320 3568 406 3619 supra
425 3553 523 3604 lineum
541 3554 603 3607 add.
622 3569 694 3606 mon.
713 3569 734 3606 s.
753 3553 821 3607 XII.
839 3554 869 3603 in
887 3552 942 3607 cod.
961 3554 987 3606 3.

101 3694 124 3739 a)
138 3692 294 3732 Vuormaciam
308 3693 327 3734 3.
381 3694 404 3740 b)
418 3693 508 3743 cecil)
524 3693 577 3734 cccl.
592 3693 611 3734 3.
666 3694 686 3739 c)
699 3701 817 3783 grpcorum
831 3691 851 3733 2.
904 3688 928 3743 (l)
942 3689 1068 3730 hlutharius
1083 3691 1102 3732 3.
1156 3689 1177 3740 e)
1191 3688 1272 3730 uuald-

101 3742 179 3784 radam
193 3747 212 3787 3.
267 3745 429 3796 oreppcriem
444 3747 462 3788 3.
516 3749 539 3795 g)
553 3746 640 3785 nicolao
654 3745 672 3786 3.
744 3744 883 3796 )peticionis
898 3745 918 3786 2.
974 3744 991 3792 i)
1005 3741 1091 3783 Eodem
1105 3749 1223 3783 -secuta
1237 3748 1272 3783 est

100 3798 144 3839 des.
159 3798 178 3840 2.
238 3798 262 3846 k)
276 3799 377 3852 pernicie
393 3801 415 3849 13
439 3799 537 3847 pernitie
551 3800 569 3840 3.
630 3797 646 3848 1)
660 3797 838 3839 DOOGLXVIII.
852 3798 897 3836 aine
911 3808 993 3835 rasura
1008 3797 1032 3844 2;
1050 3797 1127 3835 addita
1141 3800 1213 3835 tamen
1226 3807 1272 3835 una

100 3851 160 3889 tinec
174 3863 188 3888 o
201 3853 318 3890 recentiore
331 3853 425 3901 quodam
439 3862 541 3890 numerus
554 3855 661 3890 correctus
675 3855 705 3889 est
718 3853 757 3898 (cf.
771 3863 792 3892 α.
806 3851 862 3900 868).
929 3853 959 3897 m)
973 3851 1074 3900 parcium
1088 3850 1107 3892 3.
1134 3854 1137 3859 “
1171 3852 1195 3897 n)
1209 3849 1273 3890 Carl-

100 3914 179 3942 manus
194 3905 213 3946 3.
266 3908 289 3953 o)
303 3905 381 3944 rustici
395 3905 414 3948 3.
467 3908 491 3954 p)
505 3903 598 3954 predam
612 3905 631 3947 3.
684 3907 707 3953 q)
721 3905 829 3944 beheimis
844 3904 863 3945 3.

101 4028 128 4093 1)
146 4027 242 4078 Edidit
260 4029 389 4094 Neupcrt,
411 4029 597 4096 ‘Episcopatus
611 4028 829 4079 Constantiensie'
848 4027 871 4092 I,
888 4045 916 4094 p.
929 4028 999 4089 520;
1017 4028 1051 4091 cf.
1070 4027 1211 4078 demler
1228 4027 1269 4093 II,

96 4116 127 4164 p.
146 4100 199 4151 204
217 4115 270 4164 sqq.
361 4100 387 4165 2)
412 4100 445 4152 A.
464 4100 526 4154 869.
552 4100 655 4149 deinum
680 4113 765 4149 mense
789 4098 869 4149 Iunio
893 4098 1042 4149 Lothorios
1062 4099 1199 4164 profectus
1222 4105 1269 4163 est,

100 4169 211 4220 Nicoloo
229 4171 285 4220 tom
303 4186 329 4224 a.
348 4171 409 4223 867.
429 4170 494 4224 Nou.
513 4173 555 4223 13.
573 4175 694 4230 mortum
717 4170 752 4232 of.
770 4169 911 4220 Delmmltr
928 4169 967 4233 II,
984 4186 1013 4235 p.
1032 4170 1093 4222 237.
1172 4168 1200 4234 3)
1218 4169 1272 4232 Qui

99 4241 130 4290 in
148 4240 247 4303 finibus
265 4241 506 4291 Beneventanorum
524 4256 582 4291 cam
601 4239 760 4290 Sarraccnis
774 4239 922 4305 pugnabat.
1010 4238 1037 4304 4)
1055 4238 1190 4289 Montibus
1208 4238 1270 4292 Iota.

99 4317 124 4361 ct
141 4310 219 4363 Febr.
227 4329 237 4370 ,·
254 4312 289 4374 cf.
302 4312 443 4361 Dttnrmler
460 4312 499 4375 II,
516 4328 544 4377 p.
558 4313 618 4364 231.
690 4309 718 4374 ὃ)
735 4309 809 4360 Inter
827 4310 951 4360 Muldom
969 4309 1124 4373 t'nferiorem
1142 4315 1166 4360 et
1178 4309 1271 4359 Albim

99 4381 266 4442 habitantes·
284 4383 319 4445 cf.
339 4383 455 4446 Bottqer,
477 4383 626 4432 ‘Didocsan-
645 4397 671 4430 u.
692 4380 877 4445 Gangrenzen'
895 4380 914 4429 I
916 4381 944 4432 l.

1022 4483 1056 4537 5*
