2978 4934
178 420 231 474 132
525 413 735 468 ANNALIUM
752 411 1003 468 FULDENSIUM

179 621 218 664 ae
242 597 522 671 Zentobolchum,
554 617 737 680 eorumque
767 597 934 681 populum
964 597 1128 660 dissensio
1158 600 1262 678 atque
1286 597 1349 660 dis·

179 689 295 752 cordia
328 687 529 770 gravissima
563 689 681 750 exorta
716 690 784 763 est;
820 687 871 749 ita
906 686 1019 761 etiam,
1055 689 1104 761 ut,
1141 685 1170 748 si
1204 688 1349 766 uterque

178 777 326 840 alterum
354 776 423 838 suis
446 775 576 838 viribus
605 775 741 857 insequi
771 778 875 857 atque
906 774 1184 858 conprehendere
1206 773 1347 849 valeret,

178 864 362 948 capitalem
391 862 523 927 subiret
552 864 772 928 sententiam.
813 862 935 925 eTunc
965 882 1044 926 vero
1074 882 1133 926 rex
1163 863 1350 945 imperator

177 954 245 1016 ista
268 953 378 1016 sciens
397 952 611 1015 marchiones
627 972 715 1027 suos,
733 951 959 1014 Liutbaldum
974 951 1107 1015 scilicet
1123 954 1159 1013 et
1174 949 1350 1014 Arbonem

179 1043 348 1117 comitem,
379 1061 450 1103 una
480 1060 558 1103 cum
582 1040 703 1104 ceteris
727 1039 887 1103 fidelibus
911 1040 980 1103 suis
1003 1040 1103 1122 parti,
1135 1059 1223 1120 quae
1247 1039 1292 1101 ad
1315 1057 1349 1101 se

178 1150 274 1214 spem
297 1150 336 1193 ac
358 1129 558 1211 confugium
575 1128 707 1205 habuit,
732 1128 900 1191 auxilium
915 1128 960 1191 ad
976 1147 1093 1190 corum
1108 1126 1351 1191 liberationem

178 1219 494 1303 protectionemque
510 1216 682 1280 Bawarios
706 1237 784 1281 suos
808 1217 974 1300 primates
989 1216 1190 1279 transmisit.
1230 1216 1280 1278 At
1298 1214 1351 1277 illi

178 1309 214 1371 in
238 1327 295 1370 ore
318 1306 427 1389 gladii
449 1305 607 1387 igneque,
635 1309 738 1388 prout
760 1308 931 1389 poterant,
960 1304 1116 1367 inimicos
1139 1324 1218 1367 suos
1242 1303 1351 1366 humi-

179 1396 351 1459 liaverunt
380 1397 416 1458 et
444 1395 656 1458 devastando
684 1397 903 1458 necaverunt.
951 1393 1083 1456 sIstius
1113 1412 1194 1474 ergo
1226 1392 1351 1456 dissen-

179 1484 283 1547 sionis
307 1486 342 1547 et
366 1483 541 1565 disruptae
564 1483 659 1565 pacis
682 1483 773 1547 inter
796 1483 1095 1566 supranominatos
1114 1481 1240 1545 fratres
1257 1481 1351 1544 Arbo

180 1591 291 1635 comes
322 1571 474 1633 isanrico
505 1570 576 1633 filio
606 1591 668 1634 suo
702 1571 892 1653 instigante
926 1572 1114 1634 instructor
1149 1569 1351 1651 delatorque

180 1663 284 1741 atquc
313 1659 467 1742 proditor
497 1678 569 1723 esse
601 1660 816 1722 convincitur
843 1662 878 1723 et
902 1659 945 1722 ob
970 1660 1060 1722 hano
1090 1678 1228 1722 oausam
1259 1678 1351 1741 prae-

179 1748 316 1811 tectura
353 1768 414 1810 sua
452 1748 563 1810 caruit
601 1749 645 1810 ad
683 1752 835 1831 tempus;
876 1768 979 1830 quam
1015 1769 1087 1811 non
1124 1746 1235 1809 multo
1275 1749 1352 1830 post

181 1836 323 1920 accepit.

247 1917 492 2007 *rDein*ceps³
515 1928 631 1988 autem
651 1925 800 2006 quidam,
826 1925 884 2006 qui
905 1928 980 1988 erat
1000 1924 1173 2006 quondam
1194 1910 1435 2012 princepsissflllsp

182 2033 260 2076 cum
288 2013 409 2076 ceteris
438 2012 644 2095 primoribus
672 2013 785 2095 gentis
810 2012 1052 2089 Barcanorum,
1083 2012 1222 2075 nomine
1247 2011 1352 2073 Erim-

181 2105 298 2185 pertus
309 2100 329 2177 1,
366 2101 424 2182 qui
457 2104 577 2184 postca
609 2101 748 2164 rebellis
778 2101 851 2183 regi
882 2102 1019 2184 suisque
1048 2102 1178 2177 extitit,
1217 2120 1238 2163 a
1266 2100 1352 2162 Prin-

181 2190 313 2253 nolawo
343 2189 491 2271 quodam
515 2188 636 2253 Sclavo
668 2191 763 2264 duce,
795 2190 854 2271 qui
878 2193 914 2253 et
936 2190 1009 2272 ipse
1037 2189 1236 2273 imperatori
1264 2189 1352 2251 fidus

181 2278 355 2362 probatur,
387 2278 640 2361 conprehensus
671 2279 861 2341 dinoscitur
891 2281 926 2341 et
951 2298 971 2341 a
994 2277 1181 2341 Liutbaldo
1212 2280 1352 2340 strenuo

182 2368 306 2430 comite
336 2371 459 2430 catena
489 2366 632 2448 aliisque
660 2366 808 2429 vinculis
843 2367 998 2449 illigatus
1033 2367 1107 2449 regi
1137 2367 1182 2429 ad
1210 2366 1352 2428 Rantes·

76 2455 281 2519 ratesdorf2
304 2458 356 2519 est
378 2458 605 2538 presentatus,
632 2452 762 2518 Christi
786 2456 916 2518 domini
938 2454 1056 2519 natale
1084 2455 1166 2518 anni
1189 2454 1352 2518 instantis

181 2544 333 2607 finiente.

729 2625 805 2695 899.

267 2720 425 2782 alterum
455 2722 573 2783 autem
603 2720 820 2803 expeditione
851 2721 1010 2784 ordinata
1033 2724 1187 2803 tempore
1211 2720 1354 2784 hiemali

183 2808 415 2870 Bawariorum
441 2809 611 2891 principes
636 2828 714 2872 cum
737 2808 807 2871 suis
830 2809 915 2872 fines
938 2808 1237 2873 Marahabitarum
1260 2809 1353 2872 forti-

181 2901 235 2959 ter
258 2898 361 2976 atque
384 2896 558 2960 hostiliter
580 2897 780 2960 invaserunt
804 2900 840 2960 et
862 2918 968 2960 manu
983 2898 1099 2961 valida
1121 2897 1198 2961 loca
1214 2898 1355 2961 illorum

184 2985 395 3047 desertantes
424 2985 631 3066 predamque
662 2985 865 3068 colligentes
896 2987 1101 3069 domumque
1130 2989 1353 3060 revertentes,

183 3072 351 3136 habentes
375 3091 425 3135 ea.

269 3160 382 3223 aTum
415 3180 494 3225 vero
529 3162 647 3224 multis
681 3162 894 3245 temporibus
930 3164 1126 3226 inauditum
1160 3162 1273 3227 scelus
1310 3165 1353 3238 et,

183 3251 274 3333 quod
304 3270 374 3312 non
404 3251 570 3333 oportuit,
601 3250 736 3313 facinus
768 3252 810 3314 de
839 3251 959 3333 regina
988 3246 1100 3314 Uotab
1136 3252 1356 3334 divulgatum

183 3342 244 3414 est,
269 3339 306 3401 id
329 3342 382 3403 est
404 3342 444 3401 ut
468 3358 589 3422 corpus
608 3359 707 3402 suum
723 3339 936 3403 inlecebroso
953 3360 991 3403 ac
1008 3340 1124 3421 iniquo
1140 3342 1356 3423 manciparet

135 3428 352 3509 naconiugio.
400 3426 499 3505 Quod
522 3428 634 3510 ipsum
655 3428 862 3511 Radaspona
884 3427 969 3491 urbe
992 3448 1108 3491 mense
1133 3428 1237 3491 Iunio
1259 3429 1357 3491 iuxta

182 3517 370 3600 primorum
403 3516 615 3600 presentium
648 3517 816 3579 iudicium
845 3516 984 3578 LXXII
1017 3516 1210 3579 iurantibus
1247 3517 1357 3579 difini-

182 3609 258 3668 tum
282 3605 532 3689 comprobatur.

269 3694 395 3776 ÷÷Ipsoe
424 3714 558 3775 quoque
581 3698 736 3777 tempore
759 3694 912 3759 eiusdem
940 3694 1057 3776 magni
1081 3697 1116 3757 et
1140 3689 1355 3758 communisd

102 3849 103 3852 ,
183 3783 323 3845 civitate
346 3782 456 3863 Regia
482 3782 602 3864 placiti
625 3802 685 3846 rex
707 3782 876 3867 papalisy⁰
905 3782 1038 3846 solutus
1066 3782 1262 3845 infirmatus
1289 3786 1358 3858 est;

184 3870 401 3933 esecundum
429 3872 545 3932 autem
574 3871 636 3931 ut3
664 3872 738 3953 regi
767 3874 917 3933 'nocuum
950 3872 1123 3952 quoddam
1153 3890 1174 3932 a
1202 3871 1288 3934 viris
1320 3891 1359 3934 ac

182 3957 320 4021 feminis
346 3958 494 4031 daretur,
525 3960 565 4020 ut
595 3959 675 4021 inde
705 3959 905 4042 paraliticus
930 3959 1135 4023 efficeretur.
1172 3957 1361 4037 sQuorum

183 4131 205 4175 a)
219 4129 242 4165 in
258 4128 394 4175 harpaqina
408 4128 434 4167 26
448 4139 522 4166 versus
535 4132 584 4166 cunr
597 4130 620 4166 in
635 4129 697 4168 lineis
711 4134 833 4168 atramento
848 4131 931 4169 diriore
945 4132 1021 4179 scripti
1034 4132 1054 4172 3.
1114 4130 1137 4179 h)
1152 4119 1191 4170 dtu
1205 4132 1226 4174 3.
1287 4133 1309 4184 c)
1324 4134 1362 4172 ab·

184 4181 233 4219 hinc
247 4185 390 4219 «trumentum
404 4182 503 4223 lucidius.
558 4180 581 4230 d)
595 4183 668 4220 littera
683 4194 693 4220 s
708 4183 798 4222 humore
812 4185 917 4222 exstincta
930 4185 951 4226 3.
1005 4187 1026 4232 e)
1039 4185 1072 4222 ita
1085 4185 1104 4226 3.

185 4305 210 4371 1)
229 4305 271 4368 Cf.
290 4322 315 4426 d·
334 4307 396 4427 8139.
480 4306 507 4372 2)
524 4306 680 4370 Roashofeo
698 4307 735 4357 ad
754 4306 861 4361 Ocnum.
952 4308 979 4374 3)
996 4309 1064 4360 Loco
1081 4307 1186 4360 factum
1205 4312 1249 4362 est
1267 4314 1363 4364 autem

184 4391 316 4441 eoquo.
370 4417 376 4430 .
