2978 4934
228 465 281 517 134
571 455 781 511 ANNALIUM
798 455 1050 511 FULDENSiUM

108 666 182 714 (rear.
189 667 218 712 4).
229 635 381 707 Ohristi*
401 662 422 704 a
436 642 506 705 suis
522 640 698 724 sepelitur.
744 639 951 703 Luduvvicus
975 640 1066 702 filius
1090 640 1172 717 eius,
1198 640 1258 723 qui
1277 642 1397 706 unicus

227 736 312 795 tunc
341 730 503 814 parvulus
528 731 570 793 de
593 728 700 811 legali
722 748 827 792 uxore
857 732 960 791 natus
990 727 1044 791 illi
1072 733 1155 802 erat,
1187 730 1224 792 in
1254 750 1398 812 regnum

229 820 401 884 successit.
439 813 559 884 ‘Cuius
582 817 692 881 frater
715 818 757 880 de
781 816 974 880 concubina
989 816 1238 901 Zuentipoldus
1261 820 1479 890 nominemus.

229 908 470 973 Gallicanuma
488 926 633 988 regnum
656 925 772 969 secum
789 905 952 982 retinens,
975 926 1029 970 res
1046 906 1269 970 ecclesiarum
1285 909 1398 971 crude-

228 998 328 1060 litate
359 1016 421 1060 sua
449 995 663 1059 inmoderate
694 993 871 1071 affectans,
902 994 1049 1057 maxime
1074 995 1203 1058 crimen
1226 1014 1277 1072 eo,
1309 997 1399 1078 quod

227 1085 386 1168 Ratpodo
402 1084 600 1148 Treverensi
616 1083 872 1166 archiepiscopo
889 1086 1010 1146 contra
1025 1084 1274 1148 sacerdotalem
1297 1086 1399 1147 hono·

227 1194 300 1238 rem
331 1173 455 1237 baculo
485 1193 546 1236 suo
575 1172 613 1234 in
643 1171 756 1255 capite
786 1171 982 1254 percutiens
1013 1171 1143 1248 intulit,
1176 1193 1197 1235 a
1225 1173 1297 1236 suis
1328 1177 1399 1236 tam

229 1262 395 1346 episcopis
430 1281 533 1344 quam
567 1260 748 1324 comitibus
784 1260 943 1324 omnibus
980 1260 1173 1324 desertatus
1204 1264 1287 1325 est·
1321 1262 1399 1345 Ipse

228 1371 307 1415 vero
337 1369 538 1433 recuperare
567 1350 682 1412 nitens
714 1369 792 1411 eum
821 1349 941 1432 paucis
965 1352 1086 1412 contra
1110 1369 1166 1413 eos
1190 1349 1331 1414 incaute
1355 1350 1399 1414 di-

104 1432 378 1509 (sugnamicansb
405 1439 513 1501 vitam
536 1458 614 1501 cum
636 1456 741 1519 regno
765 1437 878 1500 finivit
888 1436 910 1498 ¹.

335 1525 516 1589 Baiouarii
554 1545 615 1609 per
653 1525 901 1590 Boemanniam
941 1526 1023 1609 ipsis
1062 1545 1178 1590 secum
1216 1528 1399 1610 assumptis

227 1635 369 1697 regnum
395 1615 660 1677 Marahavorum
684 1618 809 1677 cuncta
831 1615 991 1679 incendio
1014 1634 1075 1698 per
1096 1619 1167 1678 tres
1192 1614 1399 1679 ebdomadas

229 1705 448 1767 devastantes
482 1703 702 1786 inruperunt;
743 1705 885 1767 tandem
924 1723 1003 1766 eum
1041 1703 1135 1766 omni
1173 1705 1399 1787 prosperitate

229 1794 369 1855 domurn
390 1792 517 1856 reversi
539 1795 631 1854 sunt.

314 1881 486 1945 ainterim
509 1900 589 1944 vero
612 1880 726 1957 Avari,
758 1881 817 1961 qui
841 1880 1004 1944 dicuntur
1027 1880 1169 1962 Ungari,
1197 1885 1275 1945 tota
1304 1882 1399 1945 deva·

60 1991 219 2040 (censeam.
229 1972 322 2032 stata
351 1968 465 2045 Italia,
496 1969 547 2031 ita
576 1972 617 2031 ut
647 1969 766 2031 occisis
797 1968 963 2052 episeopis
994 1969 1255 2052 quamplurimis
1283 1969 1400 2033 Italici

230 2061 349 2120 contra
365 2076 422 2120 eos
438 2056 633 2140 depellare²
656 2056 836 2121 molientes
859 2057 896 2119 in
919 2078 989 2120 uno
1012 2057 1120 2140 prelio
1143 2079 1215 2121 una
1238 2059 1295 2123 die
1320 2060 1400 2123 ceci-

173 2148 356 2212 cecderunt
379 2146 447 2208 XX
469 2145 574 2208 milia.
605 2145 703 2228 stsi
732 2165 880 2227 namque
912 2147 1031 2209 eadem
1060 2146 1125 2222 via,
1157 2167 1226 2228 qua
1255 2146 1400 2211 intrave-

228 2239 324 2312 runt,
361 2234 576 2297 Pannoniam
611 2254 652 2298 ex
685 2234 834 2297 maxima
867 2237 966 2317 parte
1001 2235 1221 2298 devastantes
1255 2236 1400 2319 regressi

229 2328 321 2387 sunt.

336 2411 457 2475 Missos
480 2411 620 2475 illorum
640 2406 717 2474 *sub
741 2411 820 2473 dolo
845 2411 889 2473 ad
910 2409 1081 2474 Bavvorios
1105 2431 1225 2494 pacem
1248 2412 1472 2476 obianum.

228 2501 403 2583 regionem
425 2499 523 2563 illam
547 2501 590 2563 ad
615 2498 863 2583 explorandum
885 2499 1160 2577 transmiserunt.
1203 2499 1315 2578 Quod,
1340 2523 1400 2584 pro

230 2589 342 2652 dolorl
378 2589 527 2672 primum
555 2588 685 2651 malum
714 2591 750 2651 et
780 2588 913 2651 cunctis
942 2592 1035 2651 retro
1064 2590 1249 2653 transactis
1280 2590 1401 2655 diebus

228 2679 377 2741 invisum
400 2679 564 2740 damnum
587 2676 789 2740 Baiowarici
818 2677 916 2758 regni
945 2677 1103 2740 contulit.
1150 2677 1266 2760 Igitur
1290 2698 1332 2743 ex
1354 2679 1401 2742 in-

229 2767 363 2849 proviso
394 2786 471 2829 cum
500 2786 606 2829 manu
635 2765 751 2828 valida
781 2768 817 2828 et
844 2765 991 2828 maximo
1020 2767 1173 2830 exercitu
1195 2766 1291 2830 ultra
1314 2767 1401 2832 Ane-

229 2854 325 2917 sum3
347 2854 491 2916 fluvium
512 2874 657 2936 regnum
673 2853 921 2920 Baiouaricum
944 2853 1093 2918 ostiliter
1115 2855 1327 2932 invaserunt,
1352 2855 1402 2920 ita

229 2945 269 3004 ut
292 2962 353 3025 per
376 2943 626 3024 quinquaginta
648 2942 797 3005 miliaria
823 2943 860 3004 in
884 2942 1027 3024 longum
1050 2947 1085 3007 et
1108 2944 1145 3006 in
1167 2947 1400 3009 transversum

229 3031 309 3114 igne
334 3035 369 3094 et
392 3031 507 3112 gladio
532 3034 657 3094 cuncta
680 3032 854 3094 caedendo
878 3034 913 3095 et
937 3031 1149 3096 devastando
1178 3033 1216 3095 in
1244 3053 1317 3096 una
1346 3034 1401 3097 die

228 3119 486 3203 prostraverint.
533 3117 634 3197 Quod
662 3122 703 3181 ut
734 3123 968 3202 comparentes
998 3121 1179 3185 ulteriores
1208 3122 1399 3198 Baiouarii,

229 3209 345 3272 dolore
370 3209 536 3292 compulsi
560 3211 700 3271 econtra
722 3208 889 3272 festinare
913 3209 1117 3292 disponunt;
1132 3210 1221 3274 ased
1244 3211 1311 3275 hoc
1334 3210 1401 3275 Un-

228 3298 303 3380 gari
332 3301 638 3381 precognoscentes
662 3318 741 3361 cum
764 3297 828 3372 his,
860 3316 947 3378 quae
979 3299 1264 3381 depredaverunt,
1295 3300 1401 3364 redie

227 3389 319 3463 runt,
344 3386 437 3450 unde
461 3391 634 3463 venerant,
661 3387 705 3449 ad
728 3406 791 3449 sua
813 3385 851 3448 in
873 3386 1098 3449 Pannoniam.

335 3475 482 3540 Interim
511 3495 591 3539 vero
622 3476 790 3557 quaedam
823 3494 900 3558 pars
934 3476 976 3539 de
1006 3476 1159 3538 exercitu
1187 3475 1330 3539 illorum
1360 3477 1402 3540 de

228 3564 417 3646 aquilonali
439 3568 538 3647 parte
561 3563 713 3627 Danuvii
736 3563 887 3626 fluminis
910 3566 1045 3646 partem
1067 3563 1165 3627 illam
1189 3564 1403 3628 devastando

228 3672 423 3736 prorupere.
477 3651 577 3730 Quod
606 3656 647 3714 ut
676 3651 863 3735 Liutpoldo
899 3652 1016 3715 comiti
1051 3655 1266 3735 compertum
1300 3652 1401 3729 foret,

228 3740 372 3804 moleste
395 3741 461 3804 hoc
484 3741 686 3824 patiendum
709 3740 833 3817 ferens,
860 3740 1045 3804 contractis
1062 3759 1178 3803 secum
1194 3739 1403 3824 quibusdam

228 3828 433 3911 primoribus
464 3829 745 3906 Baiouariorum‚
781 3850 850 3891 uno
880 3833 1020 3892 tantum
1049 3829 1284 3893 Pataviensiso
1313 3830 1403 3895 sedis

345 4014 371 4082 *)
389 4019 471 4082 atque
488 4016 624 4084 pontificis
642 4019 705 4072 add.
724 4022 763 4074 30.

229 4195 251 4239 a)
265 4192 315 4232 call.
329 4193 347 4234 3.
401 4193 424 4239 b)
438 4190 531 4232 dimicas
545 4194 564 4235 3.
619 4196 639 4241 e)
654 4197 739 4242 pattav.
754 4195 774 4236 3.

230 4350 313 4415 l)De
330 4353 515 4404 interducias
537 4354 571 4416 ef.
590 4353 731 4405 Dammier
749 4353 804 4419 HI,
825 4372 853 4421 p.
873 4355 977 4420 501sq.
1067 4353 1095 4421 2)
1112 4354 1135 4410 Ι.
1153 4371 1176 4410 e.
1194 4353 1351 4425 debellar03
1375 4359 1405 4411 de

229 4421 275 4473 too
288 4423 393 4489 proelio
409 4424 444 4487 cf.
462 4424 604 4475 Drtmmler
620 4423 676 4489 III,
692 4442 721 4491 p.
741 4426 801 4478 507.
874 4425 901 4492 3)
918 4426 1004 4479 Enna.
