2978 4934
453 362 542 420 ANN.
562 362 670 420 FULD.
689 363 789 418 PARS
808 363 847 420 H.
864 363 1095 433 (FULDENSIS)

294 545 426 609 Habita
461 549 513 610 est
548 549 664 609 autem
699 549 734 610 et
769 547 942 629 synodusa
976 548 1068 630 apud
1098 546 1360 628 Mogontiacum

103 659 151 702 002.
159 662 178 701 1.
189 635 279 698 circa
304 635 480 698 Kalendas
503 633 661 698 Octobris
689 634 905 716 praesidente
928 628 1057 698 Karlob
1085 635 1358 720 archiepiscopo;

187 723 248 786 ubi
276 722 368 786 inter
398 722 476 799 alia,
507 743 595 805 quae
618 721 787 785 ventilata
814 726 895 785 sunt
924 724 966 786 de
990 723 1064 786 iure
1088 723 1359 802 ecclesiasticoi,

187 814 407 894 praesentata
440 810 515 874 est1
547 810 693 893 epistola
723 808 910 874 Guntharii
940 805 1162 891 Oqlonensisd
1197 813 1357 897 episcopi,

188 900 232 962 ad
254 899 466 962 Altfridumi
492 899 708 982 episcopum²
731 897 871 976 directa,
898 899 935 960 in
959 919 1027 981 qua
1049 898 1231 981 legebatur
1254 902 1360 964 conti·

75 988 276 1070 asparagisse
301 979 486 1050 coloniaef
512 986 628 1050 XVII.
652 986 732 1049 Kal.
758 984 896 1049 Octobr.
925 986 1119 1059 terribilem
1144 986 1247 1052 valde
1275 991 1359 1052 tem·

186 1078 365 1158 pestatem,
396 1075 524 1158 populo
548 1077 673 1138 cuncto
701 1094 782 1158 prae
811 1075 918 1138 nimio
949 1077 1087 1139 horrore
1117 1074 1358 1152 inbasiiicam

186 1164 297 1227 sancti
312 1163 409 1226 Petri
425 1163 648 1245 confugiente
671 1165 707 1226 et
731 1163 837 1244 signis
861 1163 1046 1227 aecclesiae
1070 1164 1357 1247 concrepantibus

185 1252 396 1314 unanimiter
425 1250 491 1314 Dei
520 1249 787 1313 misericordiam
818 1251 1038 1334 implorante,
1075 1251 1190 1315 subito
1222 1252 1357 1317 fulmen

185 1341 344 1403 inormeg
375 1339 469 1421 ignei
499 1339 655 1401 draconis
684 1338 794 1401 instar
821 1339 999 1403 basilicam
1026 1339 1166 1403 scidisse
1194 1359 1234 1403 ac
1258 1360 1356 1423 pene·

184 1432 294 1490 trasse
317 1429 421 1508 atque
445 1445 486 1489 ex
509 1427 602 1489 omni
624 1426 687 1489 illa
709 1426 934 1491 multitudine
955 1430 1026 1492 tres
1042 1428 1198 1491 homines
1215 1429 1357 1492 diversis

186 1516 324 1598 quidem
354 1513 448 1591 locis,
480 1515 540 1578 sed
563 1535 632 1577 uno
656 1511 729 1577 ictu
752 1515 789 1576 in
812 1519 957 1580 mortem
982 1516 1153 1592 deiecisse,
1185 1517 1357 1600 presbyte-

185 1625 262 1665 rum
292 1601 424 1666 scilicet
452 1602 550 1665 iuxta
579 1602 688 1666 altare
717 1603 829 1666 sancti
854 1603 957 1680 Petri,
989 1604 1172 1667 diaconum
1201 1624 1282 1668 vero
1312 1606 1356 1668 ad

186 1691 295 1754 altare
325 1691 436 1753 sancti
467 1683 653 1767 Dionisiih,
689 1691 816 1753 laicum
851 1694 967 1754 autem
1002 1693 1046 1754 ad
1078 1691 1186 1755 altare
1217 1695 1357 1756 sanctae

185 1779 331 1854 Mariae;
357 1779 441 1842 alios
466 1780 571 1842 etiam
594 1799 736 1842 numero
761 1799 819 1842 sex
843 1781 962 1843 eodem
985 1779 1118 1862 impetu
1140 1780 1191 1843 ita
1212 1784 1356 1864 prostra-

185 1868 273 1930 visse
307 1869 347 1928 ut
383 1866 467 1930 elati
502 1868 655 1931 semivivi
684 1867 742 1929 vix
773 1866 1060 1931 convalescerent.
1113 1868 1288 1931 Feruntur
1322 1872 1357 1932 et

186 1954 255 2018 alia
278 1955 456 2037 prodigia³
478 1955 532 2017 his
547 1954 758 2038 temporibus
774 1949 929 2018 Treverii
953 1956 1146 2038 contigisse,
1172 1976 1260 2038 quae
1278 1957 1355 2020 ideo

186 2043 332 2107 scribere
363 2042 492 2120 distuli,
524 2042 604 2125 quia
634 2043 676 2106 de
705 2044 753 2106 eis
767 2047 909 2125 certum
932 2038 1120 2106 nuntiumk
1145 2065 1216 2107 non
1238 2044 1355 2108 habui.

728 2231 806 2300 858.

100 2368 148 2410 an.
156 2369 174 2411 1.
292 2341 546 2407 DcchVHI.
581 2342 749 2406 Kalendis
766 2342 936 2408 Ianuariis
951 2349 1064 2409 terrae
1079 2346 1193 2409 motus
1210 2364 1355 2426 magnus

184 2433 298 2495 factus
322 2435 375 2496 est
390 2451 451 2514 per
466 2432 623 2495 civitates
640 2434 676 2495 et
690 2432 847 2514 regiones
863 2432 1022 2510 diversas,
1047 2432 1214 2497 maximus
1237 2438 1355 2497 tamen

184 2521 277 2603 apud
299 2519 567 2602 Mogontiacum,
599 2520 659 2584 ubi
687 2521 854 2583 maceriae
883 2522 1045 2603 antiquae
1069 2520 1192 2585 scissae
1216 2524 1298 2584 sunt
1321 2525 1356 2585 et

185 2602 366 2672 aecclesia¹
390 2609 501 2671 sancti
516 2608 645 2671 Albani
664 2609 823 2691 martyris
844 2608 894 2671 ita
910 2629 1073 2672 concussa
1089 2611 1149 2686 est,
1174 2614 1215 2673 ut
1237 2630 1354 2673 murus

185 2696 227 2759 de
249 2694 391 2777 fastigio
416 2697 540 2759 cadens
564 2697 751 2759 oratiorum
774 2697 885 2759 sancti
900 2697 1110 2760 Michaelism
1134 2699 1178 2760 ad
1201 2699 1355 2762 occiden-

184 2787 257 2846 tem
276 2783 439 2846 basilicae
453 2783 701 2847 bicameratum
725 2804 802 2847 cum
824 2787 918 2848 tecto
942 2788 977 2848 et
999 2785 1218 2868 laquearibus
1238 2781 1356 2849 *ruina

185 2891 247 2933 sua
271 2871 490 2952 confringens
513 2874 625 2934 terrae
649 2875 888 2953 coaequaretn.
1364 2873 1441 2922 *ΝΠ

109 2982 175 3024 rear.
291 2959 410 3022 Mense
434 2962 551 3022 autem
574 2958 760 3023 Februario
789 2980 849 3024 rex
872 2981 950 3024 cum
973 2961 1177 3043 quibusdam
1201 2962 1354 3026 consilia-

184 3047 243 3109 riis
267 3047 336 3110 suis
359 3047 396 3109 in
412 3046 675 3110 Forahheim0·4
698 3048 907 3131 colloquium
931 3049 1069 3125 habuit;
1094 3049 1175 3113 inde
1195 3051 1354 3113 condicto

184 3135 312 3218 placito
337 3138 371 3199 et
395 3135 583 3217 designatis
614 3137 657 3198 ad
686 3137 752 3199 hoc
782 3137 976 3220 specialiter
999 3137 1180 3200 comitibus
1210 3139 1246 3200 in
1269 3138 1354 3202 villa

183 3223 425 3301 Alamanniae,
459 3243 547 3306 quae
577 3227 719 3287 vocatur
748 3224 882 3302 Ulma⁵,
913 3224 1105 3308 Notingum
1136 3226 1355 3310 episcopum⁶

184 3315 220 3375 et
242 3311 505 3376 Ebmhardumv
534 3313 694 3376 comitem
705 3312 724 3389 ⁷,
749 3313 868 3377 missos
892 3314 1026 3397 nepotis
1049 3312 1102 3376 sui
1121 3312 1351 3391 Hludcwicii,

78 3465 81 3470 ,
184 3401 333 3483 suscepit
356 3404 392 3465 et
415 3401 562 3478 audivit3
587 3405 666 3483 post
688 3402 836 3465 mediam
851 3422 931 3466 vero
947 3401 1243 3484 quadragesimam
1258 3403 1356 3466 venit

92 3510 175 3563 apae.
183 3487 221 3550 in
244 3488 497 3553 Franconoiurt
528 3493 563 3554 et
592 3489 642 3552 ibi
673 3491 802 3572 pascha
829 3489 1025 3554 celebravit.
1078 3489 1219 3554 interea
1247 3490 1352 3566 missi,

183 3713 205 3760 a)
219 3709 312 3752 sinodus
326 3713 365 3764 3123
385 3710 478 3753 sinodus
492 3715 522 3756 δι,
590 3714 613 3761 b)
628 3714 712 3754 Karolc
727 3716 745 3756 1.
759 3715 778 3756 2.
792 3715 851 3766 30.e;
872 3713 952 3754 Oarolo
965 3714 1000 3757 td.
1067 3716 1088 3762 c)
1104 3714 1158 3766 poci.
1173 3714 1192 3756 1.
1256 3711 1280 3762 d)
1294 3713 1355 3753 coio-

184 3765 268 3804 nicusis
283 3766 312 3808 te.
366 3767 388 3812 c)
401 3764 523 3806 ailfredum
537 3767 556 3810 2.
610 3768 731 3816 occiente
745 3769 764 3810 1.
817 3770 839 3816 g)
853 3767 956 3806 innorme
969 3768 992 3816 2;
1011 3767 1106 3807 informe
1120 3767 1182 3817 aaa
1199 3766 1223 3805 iu
1237 3767 1308 3806 forma
1322 3767 1353 3809 3⁶.

183 3818 207 3865 h)
222 3815 320 3868 dyonisii
334 3819 365 3862 ³0.
429 3820 446 3868 i)
460 3820 540 3859 treviri
555 3821 607 3863 1.2.
670 3821 693 3868 k)
707 3821 814 3860 nuncium
828 3822 846 3863 1.
906 3820 922 3867 l)
938 3820 1022 3876 eclesia
1035 3821 1057 3872 1;
1079 3819 1133 3861 ccci.
1147 3819 1206 3861 aaa.
1233 3823 1243 3840 ·
1266 3822 1297 3868 m)
1312 3820 1355 3858 Mi·

184 3871 284 3911 chahclia
294 3873 313 3914 1.
323 3871 342 3912 2.
382 3874 407 3919 ιι)
419 3877 542 3922 coequaret
551 3875 570 3916 1.
610 3875 632 3920 o)
647 3873 773 3914 forahlicim
787 3874 809 3923 2;
823 3873 935 3913 fcrhheim
950 3874 1037 3925 30.d.e;
1051 3872 1170 3912 Forcheim
1183 3873 1209 3915 F.
1249 3875 1273 3922 p)
1288 3872 1354 3913 ebur·

184 3924 274 3963 hartum
288 3925 310 3974 13
325 3923 402 3967 eberh.
415 3925 446 3967 ie.
500 3929 523 3975 q)
537 3924 645 3970 hludouu.
655 3937 707 3980 nep.
716 3939 733 3970 s.
747 3927 770 3977 23
784 3924 891 3968 hludauu.
901 3938 923 3969 n.
933 3938 950 3969 s.
964 3927 998 3977 303
1013 3923 1159 3966 Ludawicum
1173 3926 1251 3978 nepoti
1265 3927 1300 3966 sui
1314 3926 1352 3976 3123

183 3974 299 4016 ludcuuici
313 3977 402 4030 nepotis
416 3990 434 4021 s.
449 3979 480 4021 iic.

183 4169 211 4235 l)
227 4170 367 4224 Praesente
384 4171 501 4224 videlicet
519 4173 646 4237 liudolfo.
730 4172 758 4239 2)
774 4172 1033 4228 Hildcchcimenscm.
1061 4174 1092 4227 P.
1174 4172 1201 4239 3)
1219 4173 1260 4237 Cf.
1280 4174 1353 4226 Aac.

183 4241 287 4294 Bertin.
305 4242 342 4291 ad
360 4240 430 4294 hunc
447 4259 557 4297 annum.
584 4243 615 4297 P.
669 4244 697 4310 4)
713 4243 872 4296 Forcbhcim
890 4245 927 4294 ad
945 4245 1120 4298 Recitantium.
1148 4244 1180 4297 P.
1234 4241 1261 4308 5)
1283 4242 1352 4294 Uim.

184 4311 211 4377 6)
227 4312 413 4368 armenem.
485 4313 513 4380 7)
529 4313 711 4367 Marchioncm
728 4314 951 4378 Foroiulianum
972 4315 1113 4366 Drimmler
1130 4313 1155 4380 1,
1172 4330 1200 4380 p.
1218 4314 1280 4366 419.
