2978 4934
366 394 554 466 (AUCTORE
573 393 852 464 MEGINHARDO).
888 395 924 451 A.
943 398 1005 453 882.
1238 401 1274 455 99

98 583 216 664 portas
247 578 415 642 claudunt
446 581 481 642 et
511 597 628 642 omnes
659 596 701 641 ex
729 577 871 640 nostris¹
890 577 984 641 intus
1018 579 1177 643 inventos
1212 583 1275 644 aut

98 669 301 732 occiderunt
331 669 392 730 aut
424 666 554 730 catenis
582 665 703 730 ferreis
731 665 856 748 ligatos
880 667 925 730 ad
947 667 1187 731 redimendum
1210 688 1276 732 ser

98 759 279 821 vaverunt.

208 843 277 907 Sed
300 843 486 926 imperator
506 844 642 906 tantam
658 841 904 906 contumeliam
927 843 1093 906 exercitui
1116 863 1178 906 suo
1201 843 1275 907 illa·

98 937 173 997 tam
188 931 287 996 flocci
310 931 464 1015 pendens
482 931 698 1014 praedictum
715 928 937 994 Gotafridum
961 931 1004 994 de
1026 930 1124 995 fonte
1148 931 1275 1015 baptis·

99 1021 203 1085 matis
232 1020 360 1084 levavit
384 1022 428 1095 et,
460 1038 562 1101 quem
590 1019 778 1082 maximum
804 1018 983 1082 inimicum
1006 1022 1041 1083 et
1064 1020 1276 1085 desertorem

98 1109 199 1192 regni
223 1109 277 1172 sui
299 1107 479 1184 habuerat,
505 1109 697 1170 consortem
714 1107 813 1189 regni
829 1107 1021 1170 constituit.
1060 1107 1151 1172 Nam
1175 1109 1275 1172 comi-

99 1201 196 1262 tatus
232 1199 268 1261 et
297 1196 479 1272 beneficia,
515 1215 602 1277 quae
631 1195 760 1258 Rorich
789 1193 1033 1260 Nordmannus
1063 1195 1275 1260 Francorum

99 1285 240 1368 regibus
271 1284 382 1348 fidelis
412 1285 449 1346 in
480 1281 636 1347 Kinnin1
664 1285 839 1358 tenuerat,
874 1283 987 1347 eidem
1014 1285 1108 1347 hosti
1137 1286 1275 1368 suisque

100 1372 299 1437 hominibus
323 1373 368 1436 ad
390 1371 658 1436 inhabitandum
674 1371 863 1453 delegavit;
889 1374 924 1435 et
948 1373 1040 1454 quod
1060 1373 1197 1436 maioris
1222 1376 1276 1437 est

101 1462 265 1538 criminis,
297 1480 407 1543 aquo
430 1459 565 1524 obsides
590 1459 744 1542 accipere
768 1462 803 1524 et
826 1459 960 1524 tributa
983 1460 1118 1543 exigere
1143 1461 1275 1538 debuit,

100 1550 183 1613 huic
214 1569 397 1633 pravorum
425 1569 508 1612 usus
539 1547 682 1612 oonsilio
706 1550 826 1611 contra
850 1549 1135 1612 consuetudinem
1157 1570 1277 1633 paren·

100 1641 178 1701 turn
208 1658 356 1714 suorum,
387 1657 509 1719 regum
532 1635 694 1700 videlicet
717 1633 950 1712 Francorum,
980 1637 1114 1702 tributa
1144 1638 1276 1703 solvere

100 1746 173 1789 non
208 1725 357 1791 erubuit.
409 1724 501 1788 Nam
533 1726 713 1788 thesauros
749 1724 1006 1802 aecclesiarum,
1042 1727 1102 1808 qui
1135 1730 1278 1810 propter

53 1841 92 1883 or.
101 1819 235 1878 metum
264 1815 417 1878 hostium
447 1812 640 1878 absconditi
662 1811 813 1889 fuerant,
844 1812 989 1877 abstulit
1013 1817 1048 1878 et
1072 1815 1147 1878 auri
1169 1816 1277 1898 puris·

102 1903 180 1966 simi
204 1907 308 1985 atque
332 1903 468 1985 argenti
491 1902 535 1965 ad
560 1900 796 1965 confusionem
819 1901 873 1964 sui
894 1901 1071 1984 totiusque
1095 1903 1275 1980 exercitus,

102 1993 162 2074 qni
191 1991 293 2054 illum
322 1989 540 2073 sequebatur,
570 1988 676 2053 libras
698 1984 740 2056 Π
753 2035 760 2052 .
775 1987 889 2054 0000
903 2034 910 2051 .
924 1989 998 2052 XII
1022 1990 1151 2055 eisdem
1179 1992 1277 2056 dedit

101 2080 261 2158 inimicis.
307 2079 500 2155 Pmeterea,
525 2078 678 2160 quisquis
702 2079 744 2142 de
768 2097 830 2141 sno
854 2079 1006 2142 exercitu
1021 2079 1058 2142 in
1074 2079 1276 2144 defensione

101 2172 242 2232 sanctae
273 2166 458 2232 aecclesiae
488 2166 561 2232 zelo
591 2165 658 2229 Dei
689 2169 878 2230 commotus
913 2165 1065 2249 aliquem
1094 2168 1137 2232 de
1167 2167 1276 2232 Nord-

101 2257 248 2333 mannis,
279 2257 338 2338 qui
364 2258 476 2319 castra
498 2255 660 2318 invadere
682 2253 912 2337 temptabant,
943 2255 1079 2331 occidit,
1111 2259 1172 2319 aut
1196 2275 1277 2320 eum

100 2344 260 2427 iugulare
291 2347 352 2408 aut
382 2344 414 2408 ei
444 2342 561 2406 oculos
591 2361 710 2407 eruere
740 2342 925 2425 praecepit.
975 2342 1077 2407 Unde
1105 2345 1277 2408 exercitus

100 2432 203 2497 valde
234 2432 458 2496 contristatus
475 2430 630 2515 ¹dolebat
659 2450 761 2513 super
791 2449 827 2494 se
855 2430 964 2494 talem
991 2431 1125 2496 venisse
1153 2433 1276 2515 princi-

101 2541 189 2604 pem,
222 2521 281 2603 qui
310 2519 469 2584 hostibus
498 2519 588 2583 favit
611 2522 646 2583 et
670 2519 719 2583 eis
742 2518 921 2582 victoriam
951 2519 994 2583 de
1017 2519 1175 2584 hostibus
1199 2520 1275 2585 sub·

100 2609 224 2685 traxit;
259 2610 473 2691 nimiumque
503 2607 638 2672 confusi
666 2607 845 2671 redierunt
874 2606 911 2670 in
941 2627 1013 2671 sua.
1058 2606 1277 2672 Nordmanni

100 2716 183 2761 vero
207 2699 250 2762 de
273 2697 445 2760 thesauris
469 2699 504 2760 et
526 2715 670 2758 numero
694 2694 907 2778 captivorum
931 2694 987 2760 00
1009 2716 1114 2760 naves
1133 2701 1276 2762 onustas

101 2787 271 2850 miserunt
311 2786 348 2848 in
389 2785 552 2868 patriam;
594 2784 660 2866 ipsi
693 2784 731 2846 in
765 2783 840 2846 loco
874 2786 952 2847 tuto
987 2804 1023 2848 se
1058 2785 1275 2863 continent⁸,

101 2874 230 2938 iterum
252 2877 389 2957 tempus
412 2876 622 2956 oportunum
644 2872 833 2955 praedandi
856 2873 1085 2956 opperientes.

210 2962 404 3046 Imperator
432 2962 513 3025 inde
539 2960 709 3024 transiens
733 2960 993 3043 Mogontiacum
1014 2962 1111 3026 venit
1135 2965 1171 3026 et
1193 2963 1276 3027 inde

102 3052 147 3114 ad
171 3050 291 3115 villam
306 3049 450 3115 Tribure
472 3048 589 3131 ibique
612 3049 810 3132 perplures
833 3054 986 3114 moratus
1010 3054 1063 3114 est
1085 3051 1168 3115 dies.
1208 3050 1277 3130 Qui
1300 3089 1304 3095 ·

103 3140 210 3203 etiam
232 3138 420 3220 Wangioni
452 3137 620 3221 placitum
652 3137 777 3202 habuit
808 3140 843 3201 et
873 3158 995 3220 pamm
1024 3138 1189 3203 utilitatis
1221 3140 1277 3204 de·

103 3228 222 3291 crevit.
267 3226 483 3290 Nordmanni
515 3229 667 3312 portum,
698 3225 757 3307 qui
788 3219 963 3289 Frisiacab
997 3226 1118 3308 lingua
1148 3227 1276 3292 Taren·
1343 3239 1344 3244 ’

102 3315 192 3380 teri²
213 3315 421 3391 nominatur,
446 3314 507 3378 ubi
523 3316 662 3378 sanctus
677 3312 885 3377 Liobomns8
898 3314 1092 3396 requiescit,
1118 3314 1275 3398 plurimis
1285 3336 1367 3384 (uon).

101 3403 297 3468 interfectis
321 3403 584 3467 succenderunt.

210 3490 406 3555 Iohannes4
421 3490 579 3574 pontifex
593 3490 769 3553 Romanus
793 3489 955 3566 decessit;
980 3490 1018 3552 in
1041 3490 1137 3553 cuius
1161 3490 1276 3554 locum

103 3579 259 3644 Marinus
283 3582 387 3644 antea
410 3577 610 3662 episcopus⁵
633 3581 753 3641 contra
775 3580 909 3642 statuta
925 3598 1096 3642 canonum
1116 3578 1276 3662 subroga-

102 3671 161 3731 tus
185 3671 247 3733 est.
299 3666 449 3746 Quidam
472 3665 658 3749 Gregorius
685 3666 833 3742 nomine,
863 3686 965 3749 quem
987 3666 1134 3730 Romani
1162 3687 1400 3751 super-(neena.

103 3756 207 3820 istam
236 3755 446 3831 vocitabant,
477 3755 571 3819 dives
601 3754 712 3830 valde,
743 3755 781 3817 in
810 3755 969 3837 paradiso
998 3755 1109 3819 sancti
1132 3755 1228 3820 Petri
1255 3777 1276 3820 a

103 3864 165 3908 sno
183 3844 316 3927 collega
332 3844 463 3908 occisus
479 3846 541 3918 est,
566 3845 602 3906 et
625 3843 860 3925 pavimentum
876 3843 1071 3920 aecclesiae,
1096 3864 1277 3927 perquam

102 3932 319 4008 trahebatur,
343 3935 458 3995 toturn
481 3931 648 4013 sanguine
671 3929 766 3993 illius
789 3930 968 3995 infectum.

103 4125 126 4170 a)
141 4122 284 4161 continentes
299 4122 346 4163 cod,
400 4121 423 4167 b)
437 4121 551 4160 frisiacam
565 4121 610 4162 cod.

104 4281 131 4346 1)
149 4281 373 4334 Kcnaemcrlcnd.
470 4278 850 4344 2)Deventerac12aenum,
939 4280 966 4344 3)
984 4279 1006 4333 Ι.
1025 4295 1045 4333 c.
1065 4279 1093 4334 S.
1112 4234 1275 4344 Liofwinul.

102 4352 131 4419 4)
154 4352 232 4406 VIII.
305 4352 332 4417 5)
351 4351 496 4402 Oueroueis.

1030 4453 1062 4508 7*
