2978 4934
150 390 203 444 112
496 383 707 440 ANNALIUM
725 384 976 441 FULDENSIUM

257 569 334 633 Hoc
357 569 558 632 scandalum
581 568 750 632 antefacti
773 568 914 652 puerilis
934 569 1068 633 consilii
1091 571 1204 653 spatio
1219 572 1321 634 unius

76 659 232 733 (ssaanni
271 658 435 734 sentitur3
476 658 558 720 hinc
597 656 757 739 equidem
794 676 864 720 non
899 658 1152 723 confidentibus
1188 679 1208 722 a
1241 679 1322 742 rege

148 747 264 831 pueris
299 746 431 829 aliquid
464 745 547 810 boni
580 749 720 828 propter
750 744 932 822 delictum,
968 747 1060 828 quod
1090 747 1127 809 in
1157 747 1318 812 Arbonea

149 835 357 912 commisere,
381 837 596 898 recesserunt
618 836 884 916 statueruntque
908 834 982 898 fieri
1005 836 1161 899 homines
1178 835 1320 912 Arnolfi,

150 922 351 989 Oarlmauni
379 923 470 1005 regis
500 921 577 998 filii,
613 922 672 1004 qui
706 925 791 986 tunc
821 921 1037 986 Pannoniam
1065 924 1192 987 tenuit.
1247 923 1321 1002 Quo

149 1013 270 1076 audito
300 1010 553 1074 Zwentibaldus
584 1011 653 1073 dux
682 1009 777 1073 misit
805 1010 946 1074 nuntios
977 1012 1021 1074 ad
1051 1032 1139 1086 eum,
1171 1012 1223 1076 ait
1252 1012 1320 1076 illi:

151 1100 325 1164 ‘Inimicus
358 1119 452 1164 meos
482 1101 672 1175 sustentas3
708 1099 737 1162 si
768 1118 825 1162 eos
853 1120 925 1163 non
955 1100 1137 1175 dimiseris,
1173 1120 1238 1164 nec
1268 1121 1322 1165 me

148 1193 266 1254 tecum
300 1188 519 1272 pacificatum
553 1185 718 1251 habebis’.
776 1187 934 1251 Alteram
968 1188 1075 1252 etiam
1107 1190 1322 1254 occasionem

149 1280 312 1342 adversus
343 1296 421 1341 eum
451 1275 612 1360 protulit:
646 1275 720 1338 ‘Tui
748 1275 903 1340 homines
931 1276 968 1339 in
991 1276 1099 1340 vitam
1122 1296 1236 1341 meam
1258 1298 1323 1342 neo

148 1368 263 1430 minus
285 1367 323 1429 in
337 1385 482 1447 regnum
498 1384 613 1429 meum
628 1363 745 1428 dolose
761 1383 840 1428 cum
851 1364 1012 1447 Vulgaris
1029 1365 1321 1443 conciliaverunt,

150 1457 209 1539 qui
239 1453 352 1538 priore
382 1473 472 1517 anno
503 1473 603 1516 suum
631 1472 777 1535 regnum
805 1456 992 1529 vastavere,
1026 1453 1100 1517 ‘hoc
1127 1455 1207 1518 volo
1237 1455 1322 1518 mihi
1366 1520 1370 1527 ,

150 1564 229 1608 eum
255 1543 449 1606 iuramento
472 1561 591 1605 verum
620 1561 690 1604 nou
720 1561 793 1606 esse
824 1541 1036 1620 contestari‘3
1068 1562 1215 1625 quorum
1243 1563 1322 1607 neu·

149 1637 243 1695 trum
272 1650 434 1712 umquam
464 1649 500 1694 se
529 1629 704 1693 facturum
733 1629 900 1694 Arnolfus
927 1631 1150 1694 renuntiavit.
1197 1631 1324 1715 Itaque

150 1722 221 1784 dux
254 1740 324 1783 non
358 1719 419 1782 diu
454 1718 608 1783 collectis
644 1738 685 1782 ex
719 1719 813 1782 omni
846 1721 945 1801 parte
981 1718 1182 1783 Sclavorum
1216 1720 1323 1805 copiis

150 1828 276 1891 magno
315 1827 393 1871 cum
430 1807 583 1871 exercitu
619 1807 754 1871 invadit
787 1806 1017 1884 Pannoniam,
1056 1808 1244 1871 inmaniter
1283 1828 1323 1872 ac

151 1899 311 1961 cruenter
333 1916 426 1960 more
449 1895 523 1978 lupi
546 1897 686 1971 mactat,
710 1895 791 1978 igne
815 1898 851 1959 et
872 1895 965 1959 ferro
981 1897 1166 1959 maximam
1188 1899 1323 1980 partem

151 1987 317 2062 devastat,
343 1984 469 2048 deterit
493 1987 530 2046 et
552 1983 733 2060 consumit,
757 1984 808 2047 ita
829 1987 870 2047 ut
892 2005 963 2047 non
982 1985 1143 2048 1111111111
1159 1985 1263 2048 istam
1279 1987 1322 2049 ad

150 2074 322 2137 miseriam
345 2073 402 2135 hic
426 2092 543 2136 versus
567 2072 729 2155 conponi:

283 2161 352 2224 Hic
375 2161 487 2245 patrie
510 2160 671 2244 planctus
695 2160 797 2223 simul
821 2163 857 2225 et
879 2160 1074 2225 miserabile
1097 2161 1214 2226 funus.

75 2325 78 2344 1
257 2248 333 2328 Quo
368 2253 445 2314 acto
476 2249 594 2313 dolore
628 2269 689 2332 per
722 2249 939 2312 antefactum
973 2249 1106 2332 puerile
1141 2250 1322 2314 consilium

150 2340 262 2423 spatio
284 2339 387 2402 unius
410 2337 491 2402 anni
508 2339 578 2401 dux
595 2357 672 2400 cum
688 2337 840 2400 exercitu
863 2357 925 2402 suo
948 2359 1018 2401 non
1042 2338 1134 2402 lesus
1156 2339 1322 2403 remeavit

149 2429 186 2491 in
210 2449 281 2492 sua.
676 2459 679 2466 .

93 2541 140 2582 ser.
240 2515 401 2581 Ceterum
435 2535 515 2579 vero
550 2512 708 2577 instanti
743 2533 842 2591 anno,
878 2534 946 2596 quo
980 2515 1049 2578 ista
1084 2519 1319 2599 conputamus,
1330 2537 1403 2589 *aar

149 2607 276 2670 iterum
299 2606 368 2668 dux
392 2602 575 2686 coagulata
596 2601 821 2666 multitudine
846 2602 1021 2667 hostiliter
1047 2603 1084 2666 in
1107 2603 1322 2668 Pannoniam

149 2693 312 2757 hostilem
346 2693 534 2757 exercitum
565 2690 686 2767 infert,
720 2689 777 2767 ut,
813 2691 842 2754 si
870 2691 954 2772 quid
984 2694 1089 2755 antea
1117 2695 1320 2768 remaneret,

149 2801 242 2844 nunc
272 2782 369 2863 quasi
398 2800 456 2844 ore
486 2779 561 2863 lupi
593 2798 654 2862 per
683 2782 798 2842 totum
828 2780 1035 2844 devorasset.
1088 2780 1200 2844 Tanta
1230 2781 1322 2845 enim

150 2869 375 2933 multitudine
397 2869 435 2931 in
457 2869 524 2931 isto
547 2868 672 2932 itinere
695 2867 859 2951 pollebat,
883 2871 924 2930 ut
947 2868 984 2930 in
1004 2889 1074 2932 uno
1091 2868 1167 2932 loco
1182 2869 1226 2934 ab
1242 2872 1321 2932 ortu

149 2976 257 3040 usque
281 2957 325 3020 ad
348 2976 528 3039 vesperum
557 2956 644 3019 lucis
675 2957 844 3020 exercitus
873 2956 946 3020 eius
969 2957 1135 3040 preterire
1159 2959 1320 3021 cernitur.

150 3044 237 3109 Oum
260 3047 361 3107 tanta
383 3044 476 3109 enim
498 3044 722 3108 multitudine
745 3045 782 3107 in
801 3064 908 3127 regno
924 3045 1060 3110 Arnolfi
1083 3065 1144 3129 per
1158 3046 1233 3109 XII
1249 3047 1320 3111 dies

150 3126 392 3216 exspoliandob
419 3132 629 3209 versabatur,
654 3134 803 3210 demum,
828 3137 931 3217 prout
946 3135 1067 3212 voluit,
1092 3153 1251 3218 prospere
1273 3154 1322 3198 re-

148 3242 266 3287 versus
301 3225 366 3298 est,
403 3224 524 3304 postea
557 3241 691 3304 quoque
725 3221 829 3286 missa
862 3225 1029 3305 quadam⁰
1064 3224 1233 3286 exercitus
1268 3222 1321 3286 sui

148 3314 247 3395 parte
270 3331 373 3394 supra
397 3310 607 3374 Danubium.
647 3308 747 3388 Quod
770 3311 951 3376 audientes
974 3311 1038 3373 filii
1054 3310 1263 3374 Willihelmi
1286 3313 1322 3374 et

148 3399 392 3483 Engilscalchi,
424 3400 483 3481 qui
512 3399 657 3462 maiores
687 3402 774 3462 natu
804 3405 912 3474 erant,
943 3400 1125 3482 Megingoz
1152 3402 1188 3463 et
1215 3399 1319 3483 Papo,

148 3489 353 3571 quibusdam
376 3488 633 3552 Pannoniorum
664 3507 780 3551 secum
811 3488 994 3571 assumptis
1024 3491 1145 3551 contra
1171 3487 1250 3552 illos
1274 3489 1322 3550 in·

149 3581 249 3642 caute
272 3580 457 3654 venerunt;
489 3577 549 3640 sed
577 3578 696 3640 tamen
726 3598 876 3661 pugnam
901 3576 1097 3639 certaminis
1120 3576 1228 3640 iniere
1250 3596 1321 3639 non

147 3666 245 3744 utile,
270 3686 352 3730 nam
375 3667 420 3730 ad
442 3665 521 3729 illos
544 3664 690 3728 victoria
714 3665 890 3730 concessit.
938 3663 1003 3727 Isti
1026 3663 1110 3747 iuge
1133 3664 1323 3747 presidium

148 3759 331 3838 querentes
349 3755 530 3837 Megingoz
555 3757 590 3817 et
613 3753 708 3838 Papo
731 3755 768 3816 in
790 3753 941 3829 flumine,
965 3752 1024 3834 qui
1049 3752 1174 3816 dicitur
1189 3751 1320 3836 Hrapa,

149 3844 257 3906 vitam
291 3843 448 3919 finivere;
483 3842 594 3905 frater
623 3863 703 3906 vero
734 3842 916 3905 Berhtoldi
947 3839 1104 3905 comitis1
1134 3861 1214 3904 oum
1244 3841 1323 3905 aliis

149 3930 410 4013 quamplurimis
427 3950 447 3993 a
464 3930 641 3994 Sclavenis
664 3933 782 3994 tentus
801 3932 863 3994 est.
909 3929 1116 4004 Attendant,
1140 3924 1318 3994 iudicent(¹

150 4022 254 4101 atque
278 4018 490 4081 contendant
510 4019 720 4082 detractores
736 4019 823 4093 veri;
849 4021 884 4082 et
908 4017 1032 4101 quibus
1053 4019 1156 4081 huius
1179 4019 1324 4082 suasori·

149 4107 214 4171 bus
242 4107 293 4170 rei
321 4106 378 4170 vel
408 4105 542 4169 consilii
571 4106 758 4189 primordia
786 4106 995 4189 placuerint,
1027 4106 1188 4189 placeant
1217 4108 1323 4171 etiam

150 4195 393 4278 subsequentia
423 4194 524 4257 mala.
571 4194 817 4277 Vituperavere
847 4197 964 4258 autem
993 4214 1122 4278 paoem,
1154 4215 1224 4277 qua
1248 4216 1324 4260 con·

150 4352 172 4398 a)
186 4351 266 4390 arbore
282 4351 300 4392 3.
354 4350 377 4397 b)
393 4347 539 4398 expoliando
553 4350 573 4391 3.
626 4351 647 4396 e)
661 4347 757 4399 quedam
771 4349 792 4393 3.
846 4346 869 4396 d)
883 4347 986 4388 indicant
999 4349 1019 4390 3.

151 4456 177 4524 1)
195 4457 304 4509 Comitis
318 4457 429 4524 palatii,
448 4457 480 4506 de
497 4471 547 4522 quo
565 4456 599 4519 cf,
612 4455 753 4506 Dammler
771 4455 826 4521 III,
843 4473 873 4523 p.
887 4456 947 4511 183.
966 4456 1027 4509 294.
1046 4456 1109 4511 486.
