2978 4934
148 372 184 424 40
414 364 504 423 aas.
523 364 633 424 runo.
651 364 751 419 raas
769 363 1057 434 11.(rmnausrs)

151 547 294 614 dentes¹
318 566 462 629 regnum
485 547 611 610 Karli⁸
638 548 860 630 praedantur.
906 548 962 609 Ad
985 567 1130 629 quorum
1154 547 1320 631 expulsio-

149 658 229 702 nem
244 628 472 700 Hluthariusb
500 635 537 697 in
560 635 726 697 auxilium
741 638 883 698 vocatus
908 655 985 697 cum
1009 635 1074 698 sibi
1094 637 1320 718 pugnandum

77 746 223 800 (satesse
257 745 335 788 cum
369 725 469 788 hoste
507 726 660 807 putaret,
697 723 844 786 Karlus⁰
885 721 974 786 olam
1008 726 1143 786 mutato
1179 724 1320 787 consilio

150 812 380 878 Godafridum
396 832 474 876 cum
490 811 559 874 suis
578 812 615 873 in
631 811 831 874 societatem
846 811 944 892 regni
961 812 1111 894 suscepit
1135 815 1171 875 et
1193 815 1320 876 terram

150 904 198 966 eis
230 903 274 966 ad
302 901 570 964 inhabitandum
601 900 783 981 delegavit.
829 892 1059 962 Hluthariusb
1086 919 1167 963 vero
1199 901 1320 963 adven·

148 994 225 1053 tum
248 1011 348 1053 suum
371 988 433 1052 illc
449 1009 698 1071 supervacuum
713 987 833 1050 videns
857 988 901 1049 ad
917 987 1054 1070 propria
1077 1007 1233 1051 reversus
1258 990 1319 1052 est.

256 1072 408 1141 lllodemd
442 1097 533 1139 anno
563 1077 763 1158 gravissima
796 1075 905 1138 fames
937 1073 1142 1139 Germaniae
1175 1075 1319 1159 populos

148 1167 331 1251 oppressit,
368 1164 515 1228 maxime
551 1165 640 1226 circa
669 1165 830 1226 Rhenum
864 1162 1079 1238 habitantes;
1111 1165 1197 1225 'nam
1231 1184 1319 1226 unus

148 1257 283 1318 modius
312 1256 355 1317 de
378 1253 553 1315 frumento
577 1251 807 1333 Mogontiaci⁰
835 1251 1050 1314 vendebatur
1080 1252 1200 1315 decem
1228 1252 1320 1315 siclis

148 1343 294 1426 argenti.
340 1339 543 1403 Morabatur
573 1341 689 1402 autem
719 1359 759 1402 eo
789 1342 943 1422 tempore
971 1334 1179 1402 Hrabanusf
1214 1341 1320 1404 archi·

149 1432 328 1514 episcopus
349 1429 386 1491 in
402 1428 551 1510 quadam
566 1426 650 1489 villa
664 1428 907 1509 parroechiaeg
926 1447 1017 1504 suae,
1040 1427 1098 1491 ¹cui
1114 1427 1321 1491 vocabulum

149 1522 201 1583 cst
231 1509 464 1592 winheim-²,
500 1518 536 1579 et
570 1534 737 1597 pauperes
773 1516 815 1578 de
851 1515 992 1579 diversis
1027 1516 1111 1579 locis
1141 1517 1320 1580 venientes

148 1597 516 1689 suscipienscctidiei
539 1603 617 1687 plus
641 1623 743 1685 quam
765 1606 939 1667 trecentos
963 1603 1128 1668 alimento
1152 1607 1406 1675 sustenta-*nur

148 1695 218 1772 bat,
244 1694 393 1776 exceptis
418 1693 481 1769 his,
506 1692 566 1775 qui
588 1693 625 1754 in
648 1692 843 1775 praesentia
866 1691 960 1754 illius
984 1693 1119 1756 assidue
1139 1693 1319 1756 vesceban-

148 1777 245 1846 turk.
292 1781 397 1846 Venit
426 1784 543 1845 autem
571 1784 606 1845 et
629 1780 754 1844 mulier
782 1781 951 1862 quaedam
980 1779 1096 1844 inedia
1126 1801 1214 1863 pene
1245 1801 1320 1843 con-

149 1874 286 1955 sumpta
325 1890 403 1933 cum
438 1869 583 1953 puerulo
617 1867 761 1950 parvulo
805 1869 897 1931 inter
936 1871 1066 1932 ceteros
1107 1862 1312 1932 refocillari¹

149 1960 360 2034 desiderans,
394 1978 497 2040 quae,
533 1957 733 2040 priusquam
762 1955 867 2019 limen
898 1959 1018 2038 portae
1048 1957 1318 2031 transcenderet,

149 2052 262 2131 praeil
289 2046 397 2108 nimia
420 2044 649 2109 inbecillitate
674 2063 835 2107 corruens
858 2045 1017 2126 spiritum
1040 2044 1202 2119 exalavit;
1235 2064 1320 2126 puer

148 2156 229 2199 vero
252 2133 442 2198 mamillam
464 2133 584 2196 matris
607 2137 763 2196 mortuae
788 2133 885 2214 quasi
908 2133 1055 2196 viventis
1079 2134 1122 2196 de
1146 2133 1224 2195 sinu
1247 2152 1320 2214 pro·

148 2225 290 2287 trahens
321 2225 356 2287 ct
386 2241 508 2304 sugere
537 2224 712 2303 temptans
742 2220 870 2284 multos
906 2221 1082 2284 intuentes
1113 2240 1249 2302 gemere
1280 2240 1318 2283 ac

149 2311 230 2377 flere
255 2311 378 2394 coegit.
425 2309 573 2389 Quidam
597 2310 704 2374 etiam
725 2309 762 2371 in
785 2308 854 2372 illis
879 2308 1000 2372 diebus
1024 2309 1066 2372 de
1083 2306 1320 2372 Grabieldon³

149 2421 228 2464 cum
257 2419 361 2464 uxore
393 2419 455 2463 sua
478 2401 513 2462 et
537 2398 609 2461 filio
631 2401 752 2462 tenero
774 2396 811 2459 in
835 2397 1061 2479 Thuringiam
1091 2397 1318 2479 proficiscens,

148 2492 188 2551 ut
210 2488 341 2551 malum
364 2487 500 2570 inopiae
528 2489 724 2569 temperare·
749 2486 927 2569 potuisset,
958 2476 1099 2549 uxorem
1128 2486 1165 2546 in
1195 2485 1319 2548 itinere

148 2577 185 2638 in
208 2578 357 2659 quadam
381 2576 467 2640 silva
490 2575 621 2659 positus
645 2574 772 2638 affatus
801 2577 868 2637 est:
902 2573 1056 2650 ‘Nonne',
1088 2573 1211 2655 inquit,
1244 2573 1320 2636 ‘me-

149 2663 216 2728 lius
250 2667 316 2739 cst,
357 2666 398 2726 ut
439 2683 584 2747 puerum
624 2663 730 2727 istum
769 2662 963 2726 occidamus
999 2663 1035 2725 ct
1073 2662 1320 2724 manducemus

150 2771 268 2814 carnes
298 2752 381 2827 eius,
412 2772 515 2833 quam
542 2771 659 2815 omnes
683 2750 799 2814 inedia
822 2749 1099 2813 consumamur?
1147 2749 1216 2812 Illa
1239 2769 1320 2813 vero

150 2839 417 2914 contradicente,
448 2859 492 2903 ne
521 2841 661 2901 tantum
691 2838 802 2901 soclus
830 2838 1071 2914 committeret,
1102 2839 1244 2901 tandem
1267 2858 1320 2898 ur-

149 2931 252 3009 gente
273 2926 366 2991 famc
397 2926 508 2989 filium
537 2928 690 3009 pervim
718 2927 760 2990 de
784 2926 933 2990 brachiis
956 2927 1073 3009 rapuit
1096 2927 1260 2990 maternis
1285 2929 1320 2988 et
1393 2925 1395 2931 ’

148 3015 365 3079 voluntatem
394 3034 496 3098 opere
525 3014 738 3097 complesset,
768 3015 835 3078 nisi
857 3014 953 3078 Deus
977 3013 1077 3076 illum
1101 3034 1163 3077 sua
1185 3014 1320 3076 misera-

148 3104 244 3167 tione
267 3103 509 3186 praevenisset.
556 3102 655 3178 Nam,
687 3103 777 3166 sicut
806 3103 898 3167 idem
927 3105 1048 3186 postea
1070 3103 1107 3164 in
1129 3101 1320 3182 Thuringia

149 3193 280 3276 positus
303 3191 459 3275 plurimis
483 3190 615 3267 retulit,
641 3210 719 3254 cum
742 3191 957 3273 evaginasset
981 3190 1145 3272 gladium,
1169 3193 1209 3251 ut
1232 3207 1320 3251 mac·

148 3403 170 3447 a)
184 3401 257 3440 karoli
271 3402 289 3442 1.
304 3400 323 3443 2.
376 3400 399 3447 b)
414 3399 485 3441 hloth.
499 3401 518 3441 1.
532 3399 551 3441 2.
606 3401 626 3446 c)
640 3398 736 3437 Kar-olus
752 3398 771 3439 1.
784 3397 810 3446 25
825 3395 903 3436 Car-lus
919 3397 938 3439 a.
992 3394 1015 3443 d)
1031 3393 1116 3435 Eodem
1130 3405 1189 3433 anno
1204 3415 1229 3422 -
1245 3404 1270 3432 se
1285 3405 1321 3433 rc-

149 3458 255 3493 crearunt
269 3455 312 3496 dcc.
325 3453 344 3495 2.
421 3455 442 3499 c)
456 3452 595 3501 mogonciaci
610 3453 628 3493 1.
705 3450 850 3498 orhabanus
865 3452 889 3499 13
911 3450 1008 3489 rabanus
1023 3450 1042 3490 3.
1116 3449 1138 3496 g)
1152 3447 1286 3499 parrochiae
1300 3448 1320 3488 3,

149 3506 323 3553 matinatella&
389 3507 406 3552 i)
422 3503 515 3545 cottidie
530 3506 549 3547 1.
622 3504 647 3551 k)
666 3504 688 3541 tn
702 3503 742 3541 hoc
755 3503 819 3541 verto
833 3503 909 3550 finitur
924 3504 999 3541 tertius
1012 3502 1091 3540 cadmia
1105 3502 1117 3539 3
1131 3501 1252 3549 quaternio,
1268 3503 1320 3547 post

148 3569 208 3607 quem
217 3563 308 3608 quartus
317 3559 402 3608 cncidit,
418 3559 467 3596 indo
481 3570 495 3596 α
509 3559 591 3597 bantur
601 3567 666 3606 usque
676 3557 705 3593 ad
714 3555 857 3595 Hlotharium
871 3557 894 3594 iu
904 3567 924 3597 a.
934 3556 979 3597 860.
990 3556 1114 3603 pentuma,-
1124 3565 1166 3601 per
1176 3553 1215 3590 noc
1224 3553 1320 3600 epatium

149 3612 210 3654 codd.
224 3614 286 3651 tto-0
303 3622 330 3650 σε
342 3612 382 3650 illo
396 3612 506 3650 derivator
519 3615 538 3649 ct
552 3611 644 3649 Frencrt
656 3610 770 3648 editionem
784 3610 823 3657 (F)
842 3610 939 3656 contero,
959 3609 990 3646 tta
1006 3612 1084 3654 tamen,
1103 3611 1126 3643 ut
1141 3610 1232 3654 praeter
1248 3615 1321 3643 omncs

149 3666 260 3702 nominum
274 3665 421 3712 propriorum
439 3666 526 3712 formas
544 3673 581 3701 aaa
599 3666 682 3700 tantum
701 3663 799 3700 lectiones
818 3673 891 3700 eorum
911 3664 1017 3709 adunatam,
1036 3661 1059 3698 in
1076 3660 1152 3709 quibua
1171 3660 1214 3696 duo
1231 3659 1321 3696 librarii

149 3721 275 3765 conqruunt.
329 3717 345 3763 l)
359 3717 473 3757 refocilari
488 3719 507 3759 1.
522 3718 551 3757 tc.
607 3718 636 3762 m)
650 3725 691 3767 pre
707 3716 725 3756 1.

150 3891 177 3958 1)
187 3892 213 3942 A
225 3891 267 3941 dic
282 3890 335 3945 Oct.
349 3894 391 3946 13.
410 3907 436 3944 a.
448 3892 510 3945 850.
528 3907 610 3957 usqua
627 3891 664 3941 ad
675 3891 736 3943 Ian.
750 3891 774 3944 5.
794 3906 820 3944 a.
832 3891 895 3944 851.
913 3905 955 3942 eoo
969 3891 998 3939 in
1010 3888 1163 3953 ropionibus
1174 3888 1321 3938 adiacenti-

149 3962 197 4013 bus
214 3967 331 4013 uranus
348 3977 401 4013 ecoe
420 3961 569 4013 Chronicou
586 3962 787 4013 Fontanallausc
804 3977 829 4014 a.
843 3963 904 4015 851.
923 3961 1064 4011 numanae
1079 3959 1181 4026 prodit.
1218 3958 1320 4008 [tenum

148 4034 210 4086 852.
231 4031 283 4085 on.
303 4033 328 4085 9.
354 4032 526 4083 Nordmcnni
544 4032 693 4096 Godofrido
716 4032 779 4082 duce
797 4031 828 4081 in
846 4031 994 4096 Sequanam
1013 4030 1108 4080 invecti
1124 4035 1202 4088 aunt:
1227 4034 1320 4079 contra

148 4118 213 4169 quoe
229 4103 352 4154 Karalus
369 4118 427 4153 cum
445 4102 578 4154 Lotbario
599 4103 735 4168 profectas
759 4118 785 4155 a.
803 4102 865 4156 853.
886 4116 970 4151 nanae
987 4101 1048 4154 Ian.
1067 4107 1116 4150 aut
1133 4099 1212 4151 Febr.
1229 4114 1320 4164 pacem

149 4175 335 4240 turpissimam
353 4174 421 4237 fait.
451 4173 493 4237 Of.
506 4173 647 4224 Dummlar
664 4173 688 4238 I,
706 4190 734 4239 p.
747 4172 898 4226 aea-355.
969 4171 996 4236 2)
1013 4170 1119 4220 Winlcel
1136 4171 1214 4232 int-ia
1227 4169 1321 4232 Elfeld

149 4246 179 4294 in
197 4245 294 4295 doctina
306 4243 393 4295 Rheni
410 4245 482 4312 ripa.
508 4244 539 4297 P.
594 4244 621 4309 3)
638 4244 730 4308 Pcyuc
748 4258 869 4308 manua,
889 4244 919 4292 iu
936 4255 987 4307 quo
1005 4243 1093 4308 ipsum
1106 4240 1210 4290 Fnldae
1229 4254 1322 4290 ncom-

149 4316 260 4366 starium
278 4316 359 4366 sitnm
377 4321 444 4369 erat.
472 4314 503 4368 P.
