2978 4934
367 425 547 482 AUCTORE
565 425 777 482 RUODOLFO.
802 427 850 493 ΙΑ.
869 430 1020 486 848-850.
1245 436 1280 488 39

108 609 200 695 perti
223 611 313 685 sunt,
339 610 423 692 quid
446 609 519 673 sine
542 608 666 672 timore
690 608 756 672 Dei
780 609 917 692 propria
940 610 1149 674 discordium
1171 614 1279 696 possit

109 700 219 763 virtus
250 700 285 761 et
316 698 495 761 audaciaa.
547 696 675 760 Hostes
707 698 798 760 enim
833 697 1022 780 superiores
1059 699 1175 764 effecti
1207 722 1279 766 cae-

109 780 243 851 dendob
277 785 448 869 persecuti
479 788 559 849 sunt
591 804 646 848 eos
676 805 784 867 usque
814 786 851 848 in
881 789 994 849 castra
1023 789 1278 872 occisorumque

108 874 218 959 spolia
241 875 278 937 in
301 876 487 956 conspectu
510 892 629 937 eorum
651 878 788 938 secure⁰
818 875 1039 938 detrahentes
1064 872 1194 940 tantis‘1
1221 897 1278 942 eos

107 963 296 1028 terroribus
320 962 521 1038 affecerunt,
549 963 590 1023 ut
614 962 782 1025 evadendi
806 982 864 1045 spe
888 963 1027 1045 penitus
1050 963 1276 1046 privarentur.

107 1052 209 1115 Unde
244 1051 354 1114 coacti
389 1050 524 1113 obsides
555 1049 685 1113 dabant
716 1050 780 1127 eis,
817 1071 838 1113 a
867 1050 991 1133 quibus
1022 1053 1192 1135 suscipere
1223 1055 1278 1118 de-

107 1139 243 1222 dignati
266 1141 356 1216 sunt,
380 1141 421 1201 ut
444 1137 586 1202 inlaesi⁰
608 1137 651 1201 ab
667 1138 825 1202 hostibus
850 1141 885 1202 et
907 1138 963 1203 via
982 1142 1122 1202 tanturn
1137 1141 1277 1224 publica

106 1230 289 1311 pergentes
312 1228 349 1289 in
372 1226 520 1310 patriam
542 1227 669 1290 reverti
692 1227 895 1309 potuissent.
942 1227 988 1290 Et
1010 1231 1052 1291 ut
1074 1229 1182 1292 maior
1202 1250 1277 1293 con·

105 1317 197 1380 fusio
221 1315 499 1399 superbientibus
520 1317 556 1378 et
572 1315 615 1377 de
631 1335 693 1378 sua
708 1315 838 1378 virtute
854 1317 1151 1398 praesumentibus
1167 1318 1274 1394 fieret,

107 1404 253 1486 contigit
277 1405 399 1467 eodem
422 1423 512 1466 anno
535 1405 613 1485 post
636 1422 706 1466 non
729 1403 832 1466 multi
854 1405 1018 1486 temporis
1041 1400 1212 1487 spatiumf
1239 1407 1276 1469 in

105 1492 190 1555 villa
212 1490 392 1555 Hohstedi
397 1490 417 1568 1,
449 1511 538 1573 quae
566 1493 618 1554 est
640 1491 677 1552 in
699 1491 896 1555 territoriog
921 1492 1151 1575 Mogontiaco,
1183 1495 1277 1577 spiri-

104 1584 181 1643 tum
203 1600 353 1662 nequam
376 1599 437 1663 per
453 1572 512 1643 osh
531 1580 709 1642 cuiusdam
725 1573 913 1662 arreptitiii
936 1576 1158 1663 protestarik,
1183 1582 1276 1646 bello

105 1688 142 1732 se
171 1668 379 1732 Boemanico
409 1660 616 1751 praefuisse¹
651 1668 826 1749 sociosque
857 1689 935 1731 suos
970 1669 1129 1752 spiritum
1164 1691 1275 1754 super-

104 1757 215 1820 biaem
245 1759 349 1838 atque
380 1756 596 1819 discordiae¹¹
625 1755 742 1832 fuisse,
774 1776 919 1838 quorum
949 1757 1074 1821 dolosis
1104 1760 1275 1823 machina·

103 1844 258 1908 tionibus
281 1845 406 1907 Franci
429 1843 613 1908 Boemanis
635 1847 734 1926 terga
757 1845 950 1908 vertissent.

651 2032 727 2103 850.

211 2141 371 2207 Decea.
417 2143 539 2206 Roric⁰
573 2144 714 2207 natione
742 2143 996 2222 Nordmannus,
1028 2146 1087 2228 qui
1115 2149 1273 2231 tempori-

102 2232 168 2294 bus
198 2231 395 2295 Hludowici
428 2231 643 2314 imperatoris
679 2252 757 2296 cum
790 2232 899 2296 fratre
929 2233 1121 2298 Herialdos
1159 2236 1273 2299 vicum

103 2319 356 2384 Dorestadum‘l
383 2319 457 2383 inre
481 2320 640 2383 beneficii
662 2321 786 2398 tenuit,
811 2323 889 2404 post
904 2321 1037 2384 obitum
1056 2322 1273 2404 imperatoris

104 2408 270 2472 defuncto
297 2407 405 2471 fratre
429 2409 521 2490 apud
544 2407 806 2485 Hlutharium',
838 2410 896 2491 qui
925 2411 1016 2492 patri
1044 2410 1207 2474 successit
1236 2413 1272 2474 in

102 2515 219 2578 regno,
244 2496 613 2579 proditioniscrimine
636 2495 735 2572 falsu,
760 2500 801 2559 ut
823 2497 918 2560 fama
941 2500 1026 2574 est⁸,
1053 2498 1271 2564 insimulatus

101 2587 220 2648 tentus
245 2587 280 2648 et
303 2585 340 2646 in
363 2583 555 2647 custodiam
584 2585 706 2648 missus
735 2588 797 2648 est.
845 2584 945 2649 Unde
974 2585 1060 2668 fuga
1088 2585 1205 2669 lapsus
1235 2589 1272 2651 in

102 2672 207 2736 fidem
222 2672 419 2736 Hludowici
441 2673 531 2755 regis
555 2673 777 2736 orientalium
792 2673 1003 2737 Francorum
1018 2675 1167 2751 veniens,
1193 2696 1272 2739 cum

101 2779 162 2843 per
186 2780 292 2824 annos
316 2759 449 2843 aliquot
472 2761 521 2824 ibi
543 2764 735 2824 moraretur
759 2764 794 2825 et
817 2762 909 2826 inter
929 2761 1088 2840 Saxones,
1113 2765 1173 2846 qui
1196 2784 1271 2828 con·

102 2848 187 2911 fines
210 2847 442 2912 Nordmannis
473 2852 563 2926 sunt,
594 2850 807 2926 mansitaret,
839 2850 986 2914 collecta
1012 2851 1271 2934 Danigenarum

100 2956 172 2998 non
195 2937 330 2999 modica
352 2957 458 3000 manu
481 2933 612 3020 coepitt
634 2938 815 3021 piraticam
835 2959 991 3004 exercere
1016 2943 1051 3004 et
1074 2939 1151 3004 loca
1172 2943 1271 3024 regni

101 3022 303 3087 Hlutharii'
324 3024 603 3108 septentrionalis
624 3027 744 3090 oceani
765 3026 925 3091 litoribus
945 3029 1109 3110 contigua
1124 3033 1269 3094 vastare.

101 3110 273 3194 Venitque
304 3133 365 3196 per
388 3113 497 3177 ostiau
522 3113 638 3177 Rheni
660 3114 811 3178 fluminis
835 3115 1088 3180 Dorestadumv
1116 3120 1151 3181 et
1175 3137 1271 3181 occu-

100 3201 196 3282 pavit
226 3220 302 3265 eam
332 3204 436 3283 atque
466 3202 633 3284 possedit;
666 3206 701 3266 et
729 3222 808 3266 cum
836 3223 856 3266 a
879 3203 1089 3268 Hlutharior
1116 3206 1269 3288 principe

101 3287 174 3351 sine
197 3288 350 3370 periculo
374 3310 512 3353 suorum
534 3310 605 3352 non
628 3293 743 3373 posset
764 3290 899 3373 expelli,
925 3312 1003 3355 cum
1019 3292 1160 3356 consilio
1176 3313 1269 3360 sena·

99 3378 157 3438 tus
173 3375 297 3458 legatis
312 3377 546 3441 mediantibus
562 3378 598 3440 in
614 3378 718 3442 fidem
733 3381 891 3461 receptus
908 3383 960 3443 est
977 3400 1017 3443 ea
1034 3381 1268 3457 condicionew,

99 3466 140 3525 ut
173 3464 314 3528 tributis
352 3466 542 3548 ceterisque
577 3467 726 3548 negotiis
768 3467 812 3529 ad
841 3468 931 3549 regis
966 3468 1135 3531 aerarium
1168 3470 1269 3550 perti·

99 3552 262 3615 nentibus
278 3553 428 3617 fideliter
443 3554 624 3618 inserviret
648 3557 683 3618 et
706 3555 859 3637 piraticis
875 3554 1053 3618 Danorum
1071 3554 1269 3619 incursioni-

99 3638 163 3702 bus
187 3640 357 3704 obviando
380 3642 566 3706 resisteret.

144 3738 148 3743 ’
205 3727 420 3791 Nordmanni
459 3727 650 3793 Godafn'do
693 3732 779 3794 duce
822 3751 883 3813 per
922 3730 1115 3813 Sequanam
1156 3752 1423 3802 ascen-onoma.

99 3933 121 3978 a)
134 3930 227 3973 audatia
241 3934 265 3984 23
280 3931 373 3974 audatis
387 3935 485 3974 raucedo
499 3946 556 3977 corr.
570 3933 665 3976 audacia
679 3937 698 3978 3.
752 3937 774 3985 b)
789 3934 890 3977 osdendo
900 3938 918 3979 1.
928 3939 947 3980 3.
1001 3941 1022 3987 c)
1035 3939 1110 3979 securi
1123 3950 1190 3978 manu
1199 3941 1268 3988 prim.

94 3987 211 4032 postmodo
226 3988 324 4026 additum
339 3988 357 4029 ³.
411 3985 435 4036 d)
450 3989 564 4038 tantisque
578 3989 597 4030 ³.
647 3990 668 4036 e)
682 3989 749 4029 inlesi
763 3991 781 4031 1.
796 3990 815 4033 3.
864 3990 997 4044 nupseium
1010 3993 1030 4033 3.
1083 3993 1105 4040 g)
1120 3993 1235 4032 territurio
1249 3995 1268 4035 1.

99 4038 231 4088 h)deest1;
252 4041 326 4082 host.
401 4041 417 4088 i)
435 4041 521 4093 arepoil
535 4041 554 4083 3.
628 4041 653 4090 k)
671 4043 728 4080 deest
741 4043 760 4084 2.
835 4044 851 4090 l)
869 4045 980 4096 prefuisse
996 4045 1014 4087 1.
1081 4047 1112 4093 m)
1129 4045 1234 4098 superbie
1248 4046 1267 4088 ³.

98 4089 249 4137 n)discordic
263 4093 283 4135 3.
336 4093 511 4145 o)Rcrlh1.2;
529 4093 642 4144 Roru035
664 4095 879 4142 ct.u.864.et857.
933 4100 957 4150 p)
971 4095 1073 4138 herioldo
1087 4097 1112 4148 ἲς
1131 4095 1233 4138 harialdo
1248 4099 1267 4140 3.

98 4146 122 4192 q)
136 4141 275 4185 dorestotum
288 4145 308 4189 2.
362 4148 382 4194 r)
396 4146 466 4188 hloth.
481 4148 499 4186 1.
513 4146 532 4189 2.
586 4149 605 4195 s)
619 4147 675 4186 deest
690 4149 708 4187 1.
763 4151 780 4197 t)
795 4149 856 4202 cepit
869 4150 888 4190 3.
942 4152 965 4197 u)
979 4154 1043 4190 cetea
1057 4152 1076 4194 1.
1129 4153 1153 4199 v)
1167 4148 1267 4191 dorseta·

98 4200 145 4236 tum
160 4199 179 4240 1,
192 4197 211 4240 2,
265 4200 295 4247 w)
310 4196 439 4239 conditione
454 4201 473 4241 1.

98 4371 125 4438 1)
141 4372 241 4425 Hdohst
258 4375 295 4424 ad
313 4374 437 4426 Moenum
459 4376 538 4439 infru
555 4375 782 4441 Froncofurdum.
810 4378 842 4432 P.
