2978 4934
198 486 258 542 ΧΠ
669 486 898 546 PRAEFATIO.

307 667 337 752 3)
360 670 402 732 A.
432 669 561 735 Obesnii
589 669 626 733 in
649 668 816 734 Historiae
838 670 1043 734 Francorum
1072 669 1260 752 scriptorum
1289 676 1369 734 tomo

200 759 252 822 Π.
277 757 385 822 Paris.
410 780 439 821 a.
460 763 554 822 1638.
579 778 617 821 eu
640 758 791 822 ambabus
812 757 880 822 ittis
903 760 1063 839 conficta·

306 843 337 929 4)
366 847 409 911 B.
445 845 485 910 G.
517 846 639 911 Strnoii
672 846 709 910 in
743 845 880 910 Freberi
915 846 1128 928 Scriptoribus
1161 846 1370 929 Arpentorati

199 957 228 999 a.
249 940 343 999 1717.
370 937 470 999 denuo
500 934 592 999 editis
619 934 722 1016 editio,
752 934 850 999 annis
874 941 1059 999 332-337.
1090 937 1245 1000 secundae
1267 957 1368 1000 recen-

197 1023 320 1088 sionisl
343 1030 372 1088 et
394 1025 459 1103 fine
482 1023 585 1105 operis
607 1025 647 1087 ab
670 1045 700 1087 a.
726 1026 818 1088 9032
847 1029 942 1089 aucta
971 1030 1000 1088 et
1029 1045 1067 1088 ea
1089 1023 1279 1088 editionibus
1294 1045 1368 1106 pro-

191 1119 769 1285 fflnquiiffliiiuiiriidioun
792 1201 845 1265 H.
869 1202 906 1265 r.
930 1201 989 1266 rs.
1014 1201 1096 1265 VH.
1120 1201 1224 1265 rm
1248 1201 1369 1266 neuun

198 1289 433 1355 Francicarum
452 1296 480 1354 et
500 1287 701 1354 Gallicarum
715 1288 903 1371 scm'ptorum
919 1289 1027 1354 Paris.
1052 1311 1083 1353 a.
1103 1295 1198 1353 1757.
1214 1310 1289 1370 sqq,
1314 1289 1369 1370 qrri

197 1378 310 1442 uitium
333 1378 458 1459 baama,
490 1398 569 1458 quae
591 1377 628 1442 in
651 1377 748 1442 annis
772 1383 845 1441 894.
872 1383 946 1442 335.
977 1385 1182 1459 remanserat,
1214 1399 1235 1441 a
1263 1377 1368 1442 Genti-

199 1466 284 1531 tottio
307 1488 323 1530 e
347 1465 448 1531 codice
472 1474 509 1530 3c
532 1466 674 1547 eapteta³
690 1465 818 1548 primus
834 1467 967 1547 pienum
990 1473 1106 1530 tentum
1122 1466 1291 1547 praebuit,

307 1552 337 1637 6)
357 1553 398 1619 G.
414 1555 460 1618 Η.
478 1554 599 1619 Pcrtnii
621 1554 658 1618 in
673 1555 719 1618 M
720 1553 760 1618 G.
779 1555 838 1619 SS.
858 1555 887 1636 I,
906 1578 942 1637 p.
960 1560 1145 1636 337—415,
1170 1554 1225 1636 qui
1241 1554 1369 1635 primus

198 1643 236 1707 in
257 1642 333 1707 sotis
355 1641 446 1707 tibris
468 1665 568 1708 manu
590 1642 716 1725 scriptis
739 1642 863 1724 optimis
886 1649 1002 1708 tentum
1025 1643 1209 1708 constituere
1231 1643 1368 1725 studuit,

199 1753 215 1796 e
241 1730 353 1812 quibus
380 1730 634 1796 Vindobonenses
668 1731 733 1812 ipse
768 1731 937 1813 consuluit,
974 1731 1231 1797 Sobtettstadensi
1265 1739 1369 1796 autem

200 1819 285 1885 curis
323 1819 398 1885 aar.
432 1821 483 1884 M.
516 1819 729 1901 Enpetbardti
761 1819 1042 1902 Arcentoratensis
1069 1842 1190 1902 parrum
1224 1827 1369 1885 accurate

200 1909 309 1972 octtato
332 1915 362 1972 et
383 1907 561 1989 Attabensi,
589 1908 644 1989 qui
667 1915 741 1974 tunc
764 1909 886 1990 latebat,
911 1931 927 1974 e
955 1908 1090 1974 Obristii
1112 1908 1369 1974 adnotationibus

198 2018 275 2061 risus
297 2003 351 2061 est.

305 2088 362 2150 Ad
389 2086 472 2151 baina
500 2085 666 2150 editionem
691 2108 708 2150 e
729 2092 888 2151 stemmate
917 2107 1016 2167 snpra
1046 2086 1208 2151 constituto
1238 2092 1370 2167 apparet

198 2175 280 2239 solos
307 2174 425 2239 codices
451 2180 478 2238 1.
504 2181 534 2238 2.
560 2180 578 2237 3
609 2173 803 2239 adhibendos
826 2196 899 2256 esse,
930 2173 996 2239 nisi
1019 2174 1118 2240 codici
1143 2181 1161 2237 3
1185 2173 1369 2255 aliquantae

193 2270 304 2344 partes
331 2265 469 2328 deessent
495 2284 597 2328 annos
625 2269 809 2327 350-360.
835 2269 1021 2329 369-331.
1047 2268 1232 2327 394-395.
1259 2269 1369 2326 330--

201 2358 274 2414 901.
292 2353 486 2434 compteaae,
509 2373 589 2434 quas
611 2354 655 2415 ad
676 2352 867 2434 supplendas
889 2351 985 2417 etiam
1008 2351 1126 2417 codices
1144 2350 1217 2416 inde
1234 2351 1369 2416 deriuati

200 2440 394 2522 Freberique
417 2440 511 2505 editio
536 2441 728 2519 conferenda
750 2447 834 2505 sunt.

306 2529 454 2611 Ipsorum
476 2536 580 2594 autem
603 2529 758 2594 librorum
782 2536 810 2593 1.
829 2536 859 2594 2.
878 2535 907 2610 3,
931 2529 986 2594 ubi
1008 2530 1091 2594 inter
1113 2550 1145 2593 se
1169 2528 1367 2610 dissentiunt,

199 2639 262 2698 qua
290 2617 414 2682 ratione
444 2618 644 2683 aestimanda
677 2617 719 2682 sit
748 2617 933 2700 auderitus,
968 2617 1035 2682 iam
1068 2638 1270 2699 exponamus.
1324 2618 1369 2681 In

192 2705 304 2787 prima
326 2707 486 2787 alteraque
502 2706 651 2788 partibus
670 2706 769 2773 codici
786 2713 814 2788 3,
840 2728 910 2772 oum
932 2729 954 2771 a
977 2705 1086 2771 ceteris
1109 2705 1273 2787 discrepat,
1292 2707 1369 2787 ptus

198 2793 406 2876 tribuendum,
435 2796 584 2875 quioniam
606 2795 668 2877 iile,
698 2794 764 2860 nisi
786 2797 933 2860 mendum
956 2802 1098 2877 apertum
1120 2801 1173 2875 est,
1198 2816 1213 2859 e
1236 2795 1368 2872 RudotJi

199 2884 364 2966 urcbetppc
389 2879 451 2967 (R)
476 2883 618 2949 bunasse
640 2884 871 2949 existimandus
900 2890 952 2964 est,
983 2905 1052 2948 cunr
1081 2883 1115 2947 bi
1145 2880 1305 2947 tectionem
1328 2884 1368 2946 ab

199 2977 324 3037 anctore
346 2972 473 3055 primae
502 2973 694 3038 recensionis
721 2978 875 3037 mutatam
902 2971 1045 3037 enbibere
1074 2971 1251 3036 uideantm.
1306 2970 1369 3037 Ubi

199 3066 302 3124 autem
325 3067 344 3125 2
368 3067 397 3125 et
420 3066 439 3123 3
457 3061 648 3144 parimodo
672 3085 693 3126 a
716 3061 818 3126 codiee
841 3067 857 3124 1
883 3061 1044 3141 differunt,
1069 3061 1161 3141 bunc,
1186 3060 1252 3124 nisi
1274 3059 1367 3124 tibra-

198 3149 268 3212 rius
290 3150 404 3231 patum
426 3150 554 3231 errauit,
579 3150 707 3232 primae
735 3149 936 3231 recensionis,
967 3149 1039 3213 illos
1068 3152 1223 3214 secundae
1252 3155 1369 3213 tentum

198 3236 341 3302 enbibere
374 3237 544 3303 uerisimile
578 3246 636 3320 est,
671 3238 718 3302 ita
747 3244 782 3302 ut
811 3245 921 3303 contra
954 3237 1080 3303 sobitum
1114 3260 1206 3302 usum
1234 3237 1271 3302 in
1300 3237 1368 3319 ipso

197 3325 317 3390 maiore
347 3347 476 3392 nnnrero
504 3348 624 3409 semper
652 3327 758 3391 minor
786 3325 865 3391 insit
888 3327 1079 3408 auctoritas,
1109 3333 1128 3391 2
1153 3333 1266 3407 tamen,
1299 3346 1368 3390 cum

197 3416 282 3479 sotus
304 3415 413 3480 ceteris
436 3417 545 3497 obstat,
576 3415 697 3481 nultius
724 3415 922 3481 auctoritatis
949 3422 1003 3480 est.
1050 3417 1095 3481 In
1118 3415 1212 3481 tertia
1228 3420 1323 3496 parte
1350 3419 1365 3477 1

191 3505 368 3585 praenotet,
402 3504 479 3585 quia
507 3507 552 3569 ad
579 3505 781 3587 arebetppum
803 3503 931 3586 primae
960 3505 1152 3571 recensionis
1182 3503 1282 3583 redit,
1313 3505 1369 3566 sed

198 3592 329 3657 atterius
358 3613 476 3674 quoque
499 3593 690 3660 recensionis
714 3593 866 3675 lectiones,
898 3614 977 3675 qnae
1001 3593 1157 3659 codicibus
1181 3599 1199 3655 2
1224 3597 1253 3656 et
1275 3598 1294 3654 3
1319 3612 1367 3654 eu-

197 3680 352 3763 bibentur,
376 3682 531 3763 siquidem
546 3704 584 3747 ea
599 3683 736 3747 eiusdem
751 3682 889 3747 auctoris
905 3689 957 3763 est,
981 3681 1018 3746 in
1035 3688 1152 3746 tentum
1170 3679 1368 3759 recipiendae

197 3776 280 3834 sunt.
331 3771 421 3852 Quod
441 3770 489 3835 ita
511 3770 582 3852 feci,
613 3778 648 3835 ut
670 3793 716 3852 ea,
747 3792 826 3852 qnae
854 3777 963 3835 nudor
979 3771 1143 3850 postmodo
1166 3767 1300 3849 addidit,
1324 3790 1367 3832 se-

198 3860 335 3924 eundum
356 3858 482 3923 sobitum
504 3879 621 3923 morem
642 3858 734 3924 uncis
760 3858 927 3939 quadratis
955 3857 1155 3938 includerem,
1187 3877 1224 3920 ea
1253 3863 1366 3938 autern,

198 3947 328 4027 quaein
344 3948 446 4012 attera
460 3947 639 4012 recensione
655 3946 772 4011 omissa
786 3952 868 4025 sunt,
892 3944 1047 4009 rotundis.
1094 3944 1192 4009 Finis
1213 3948 1368 4011 secundae

197 4035 389 4101 recensionis
412 4037 451 4099 ub
474 4057 504 4099 a.
523 4041 597 4100 332.
621 4056 718 4116 nsque
738 4037 781 4099 ad
795 4056 825 4098 a.
844 4040 918 4097 337.
943 4033 979 4098 iu
1002 4055 1065 4098 uno
1089 4034 1226 4099 codice2
1250 4041 1367 4115 eustat,⁸

199 4246 225 4312 1)
243 4247 312 4310 Qiros
328 4247 483 4298 Lambecius
500 4261 513 4296 e
531 4245 614 4296 codice
632 4246 648 4297 2
667 4245 696 4295 in
710 4242 850 4295 Comnnut.
869 4244 900 4295 dc
919 4243 1036 4298 biblioth.
1057 4244 1129 4298 Caes.
1143 4246 1221 4299 Vind.
1240 4245 1281 4312 II,
1301 4245 1364 4310 c.V,

194 4335 223 4384 p.
236 4319 288 4372 345
301 4333 355 4384 sqq.
370 4317 475 4384 publici
491 4317 562 4367 iuris
580 4316 685 4379 fecerat.
758 4314 785 4381 2)
802 4314 952 4366 Leibnitius
969 4331 1008 4381 eu,
1028 4332 1094 4382 quae
1112 4317 1230 4368 Frebero
1248 4317 1364 4382 deerant,

197 4390 227 4438 in
239 4388 336 4455 Seiipt.
349 4404 403 4442 rer.
416 4388 556 4440 Brunsaic.
569 4387 592 4453 I,
604 4404 633 4453 p.
644 4387 696 4440 132
712 4386 917 4452 eBruaettensi,
937 4393 999 4438 tum
1011 4388 1197 4454 Antnerpensi
1212 4388 1296 4439 cadiae
1308 4389 1366 4452 (3e)

197 4460 324 4514 edida-at.
392 4459 419 4526 3)
435 4458 470 4508 In
488 4458 640 4509 Muratorii
657 4458 719 4512 Rer.
738 4458 803 4512 Itat.
822 4459 912 4526 script.
932 4465 1001 4510 tomo
1019 4458 1058 4510 II.
1074 4465 1154 4526 parte
1172 4458 1210 4513 ΙΙ.
1227 4475 1256 4525 p.
1270 4459 1330 4512 119.
