2978 4934
197 427 215 478 4
466 421 556 478 suu.
574 421 684 479 susm
703 420 803 476 rsus
820 421 844 476 1.
865 421 1104 490 (sumerum.)

36 600 187 650 cmm
304 597 557 653 DOOmVIIH.
594 597 739 652 carlusa·¹
763 597 957 652 Provinciamb
986 602 1080 652 totam
1110 605 1138 654 et
1159 604 1264 655 cuncta
1294 602 1369 655 eius

72 654 108 706 (Α
115 655 187 703 Meet.)
196 672 257 725 1002
275 670 412 724 maritima
429 678 513 722 sueree
537 669 638 722 dicioni
656 668 771 738 subegit.

118 742 188 784 ib.26.
302 739 457 796 Dcoxm
503 739 588 793 Pax²
612 744 646 793 et
672 740 774 807 quies
799 756 892 808 regno
917 740 1087 794 Francorum
1112 759 1176 810 per
1201 741 1365 796 Oarlume

73 795 351 867 (Uien->redditur
369 811 409 864 ad
426 813 582 878 tempus,
601 809 730 864 Gothisf
752 811 913 878 superatis,
933 809 1113 865 Saxonibus
1132 816 1160 865 et
1177 812 1370 868 Fresonibus

197 883 344 949 subactis,
363 882 494 950 expulsis
513 880 696 948 Sarracsnis,
715 880 983 935 Provincialibusb
1006 883 1144 951 receptis.

96 953 187 996 insitu.
302 951 451 1008 DOGXLI,
488 951 604 1005 carlusa
626 967 702 1004 anno
721 952 834 1020 regniss
856 952 906 1004 sui
923 951 1060 1008 ΧΧῙΙΠ.3
1072 954 1189 1007 moritur
1201 953 1329 1007 carisiaci
1343 958 1370 1007 et

107 1006 188 1058 (Μ’)
197 1024 270 1093 apud
288 1027 414 1076 sanctum
430 1022 584 1076 Dionisium
602 1023 741 1090 sepelitur.
779 1021 861 1074 Cuius
880 1022 929 1075 filii
947 1022 1168 1077 Carlomannush
1191 1028 1219 1078 et
1237 1023 1370 1093 Pippiflus

197 1096 247 1149 sub
266 1092 402 1148 obtentui
427 1093 641 1147 maiordomatns
659 1093 743 1146 totins
761 1091 916 1147 Franciuek
935 1111 1051 1164 regnum
1075 1095 1225 1164 suscipiunt
1250 1100 1277 1149 et
1297 1096 1371 1149 inter

37 1183 226 1285 Chr·1³·11‚1·se
244 1165 467 1291 dmdlutlfdnss.
502 1232 746 1287 Karlomannush
763 1237 791 1287 et
802 1233 953 1302 Pippinusl
970 1234 1160 1289 Hunaldumm
1172 1235 1370 1304 Aquitaniae4

73 1289 310 1378 (memducem
328 1322 470 1391 imperio
490 1338 548 1375 suo
566 1321 782 1375 resistentem
800 1322 891 1375 bello
909 1328 1103 1391 superatum
1122 1314 1167 1376 ad
1184 1313 1369 1377 Wascones

131 1395 306 1464 maingere
332 1394 575 1463 compellunt;
600 1393 707 1446 simul
732 1397 767 1446 et
791 1393 974 1450 Alamannos
1000 1393 1089 1449 duce
1113 1395 1305 1450 Theotbaldon
1327 1414 1369 1449 re·

197 1467 331 1520 bellare⁰
354 1467 579 1534 temptantes
597 1464 687 1517 mira
706 1465 904 1518 celeritate
923 1465 1175 1533 comprimunt.

43 1554 188 1598 senum.
303 1534 483 1591 DOOXLIH.
518 1533 743 1588 Karlomcnnush
759 1539 787 1589 et
799 1534 951 1603 Pippinusl
968 1535 1138 1590 Odflonemr
1162 1537 1260 1591 ducem
1273 1536 1369 1590 Baioa-

197 1607 322 1661 riorumu
344 1607 478 1660 rebellare
496 1609 641 1659 conantem
659 1605 784 1673 proelior
807 1609 944 1674 superant.

68 1674 975 1815 ...esur...plfilllllilacesseretur?
989 1676 1369 1802 littihtlssllufl

102 1802 174 1846 ¹²¹³·
197 1818 318 1873 biumu
340 1835 357 1871 a
375 1821 475 1871 sancto
493 1817 643 1870 Bonifacio
662 1816 692 1870 in
710 1817 856 1871 solitudine
874 1817 1072 1874 BochoniaV·⁶.

357 1959 477 2013 donante
502 1958 651 2026 conspexit,
674 1958 743 2012 vidit
766 1957 841 2012 hunc
859 1958 977 2012 Karlum
999 1960 1028 2012 in
1046 1959 1154 2013 inferno
1172 1959 1295 2013 inferiori
1313 1964 1369 2013 tor-

357 2031 442 2096 queri.
479 2028 530 2082 Oui
552 2029 733 2098 interroganti
758 2030 792 2083 ab
816 2031 913 2099 angelo
932 2030 990 2083 eius
1008 2030 1122 2084 ductore
1140 2048 1300 2099 responsum
1319 2036 1368 2097 est,

357 2101 421 2168 quia
446 2105 601 2153 sanctorum
627 2100 801 2168 iudicatione,
827 2100 920 2167 quiin
938 2101 1031 2153 futuro
1049 2101 1150 2155 iudicio
1169 2119 1232 2154 cum
1250 2102 1368 2155 Domino

355 2171 516 2225 iudicabunt
534 2188 705 2238 quorumque
723 2188 766 2224 res
786 2171 898 2224 abstulit
916 2175 944 2224 et
962 2171 1061 2238 divisst,
1080 2176 1143 2226 ante
1155 2172 1223 2225 illud
1237 2172 1369 2225 iudicium

356 2242 447 2295 anima
470 2245 499 2295 et
521 2258 636 2310 corpore
660 2242 832 2310 sempiternis
856 2243 951 2310 poenis
977 2246 1019 2295 est
1042 2242 1188 2311 deputatus
1213 2246 1241 2296 et
1265 2244 1369 2312 recepit

356 2331 419 2366 cum
437 2313 492 2365 suis
509 2313 630 2380 peccatis
648 2329 749 2380 poenas
767 2316 881 2381 propter
898 2316 1012 2381 peccata
1031 2314 1160 2382 omnium,
1180 2314 1288 2381 quires
1308 2331 1368 2366 suas

356 2388 384 2437 et
409 2383 551 2438 facultates
576 2383 605 2436 iu
630 2383 734 2437 honore
759 2386 788 2437 et
812 2400 904 2436 amore
929 2383 1041 2437 Domini
1067 2384 1102 2436 ad
1120 2384 1284 2438 Sanctorum
1308 2386 1369 2438 loca

356 2455 534 2507 luminaribus
559 2454 644 2508 divini
668 2455 756 2508 cultus
775 2457 804 2508 et
822 2454 955 2507 alimoniis
974 2471 1114 2508 servorum
1133 2454 1233 2508 Christi
1252 2473 1284 2509 ac
1301 2474 1368 2524 pau·

355 2542 452 2594 perum
470 2542 521 2593 pro
540 2527 693 2580 animarum
712 2542 822 2579 suarum
839 2525 1030 2592 redemptione
1052 2526 1230 2581 tradiderant.
1268 2525 1322 2594 Qui
1339 2527 1368 2578 in

356 2613 384 2649 se
408 2612 532 2649 reversus
555 2600 679 2650 sanctum
698 2595 877 2650 Bonefacium
899 2600 928 2649 et
945 2595 1103 2664 Fulradum,
1130 2597 1257 2650 abbatem
1282 2598 1369 2650 sancti

355 2666 471 2720 Dionisii
496 2672 523 2720 et
547 2685 684 2720 summum
708 2668 878 2735 capellanum
900 2667 972 2735 regis
996 2666 1118 2735 Pippini,
1144 2668 1252 2721 vocavit
1277 2668 1368 2734 eisque

355 2736 421 2789 talia
444 2737 536 2790 dicens
561 2737 669 2805 signum
692 2737 776 2803 dedit,
802 2741 834 2790 ut
856 2737 891 2790 ad
914 2737 1088 2805 sepulchrum
1112 2738 1169 2790 eius
1192 2739 1264 2792 irent
1287 2743 1322 2803 et,
1346 2739 1369 2791 si

356 2825 454 2876 corpus
473 2808 530 2861 eius
548 2808 650 2862 ibidem
668 2825 724 2861 non
741 2808 932 2876 repperissent,
951 2825 991 2876 ea,
1010 2825 1080 2876 quae
1093 2808 1209 2877 dicebat,
1227 2826 1292 2863 vera
1310 2826 1368 2863 esse

357 2879 508 2934 crederent.
550 2879 609 2947 Ipsi
633 2882 725 2932 autem
750 2883 896 2947 pergentes
922 2878 957 2931 ad
981 2880 1168 2947 sepulchrum,
1197 2880 1244 2934 ubi
1270 2897 1368 2948 eorpus

356 2950 440 3017 ipsius
458 2949 602 3002 humatum
620 2950 717 3017 fuerat,
736 2949 963 3017 sepulchrumque
983 2951 1040 3003 eins
1059 2951 1219 3018 aperientes,
1236 2951 1308 3003 visus
1328 2955 1369 3004 est

356 3020 445 3073 subito
459 3020 545 3073 exisse
558 3020 640 3074 draco
659 3025 687 3073 et
705 3024 794 3072 totum
812 3020 880 3072 illud
892 3021 1066 3088 sepulchrum
1085 3022 1226 3075 inventum
1240 3026 1281 3074 est
1293 3022 1367 3073 deni-

356 3093 474 3158 gratum,
493 3107 525 3142 ac
544 3090 567 3142 si
584 3090 680 3144 fuisset
698 3095 832 3146 exustum.
868 3090 1006 3145 Hocideo
1020 3091 1213 3160 scriptumest,
1232 3096 1263 3144 ut
1281 3092 1368 3144 omui-

356 3161 407 3214 bus
425 3160 578 3229 legentibus
596 3165 663 3215 nota
680 3161 759 3215 fieret
777 3162 834 3215 eius
852 3162 923 3214 iusta
942 3161 1108 3230 dampnatio,
1127 3180 1178 3231 per
1196 3180 1277 3230 quem
1296 3162 1369 3216 facta

357 3235 398 3284 est
415 3248 508 3285 rerum
527 3232 770 3286 ecclesiasticarum
788 3233 888 3285 iniusta
906 3233 1007 3286 ablatio
1025 3236 1088 3289 add.
1107 3237 1145 3289 3⁶.

313 3301 340 3370 *)
357 3304 391 3355 In
408 3320 497 3369 mcrp.
514 3305 569 3358 cod.
588 3307 613 3358 3.
637 3321 734 3356 manus
755 3321 820 3359 cccc.
839 3305 923 3359 XIII.
948 3306 1029 3358 acida
1056 3303 1136 3357 Odilo
1161 3305 1232 3372 dux3
1258 3305 1292 3357 ab
1315 3303 1368 3356 hoc

355 3372 457 3427 Altach
475 3373 606 3427 fundatur
623 3375 817 3428 monasterium
837 3392 908 3428 anno
927 3374 1038 3427 Domini
1056 3374 1201 3428 DOOXLo
1219 3375 1316 3443 primo.

196 3519 218 3563 a)
232 3516 328 3556 Karolus
343 3518 362 3558 1.
376 3517 396 3559 2.
464 3517 486 3564 b)
501 3518 599 3566 provini.
613 3517 631 3559 3.
699 3516 720 3568 c)
734 3528 774 3557 sua
789 3515 870 3556 ditioni
884 3518 902 3558 3.
963 3515 987 3564 d)
1001 3517 1068 3558 DXL.
1083 3519 1102 3560 3.
1163 3519 1184 3564 e)
1198 3517 1301 3556 karolum
1315 3519 1334 3558 1.
1348 3518 1367 3559 2.

195 3570 331 3618 Ogothonis
345 3570 365 3612 3.
405 3572 428 3618 g)
442 3568 537 3609 ducatus
551 3571 570 3612 2.
611 3571 634 3617 h)
648 3570 723 3611 carim.
737 3571 757 3612 ³.
798 3571 813 3617 l)
828 3571 1007 3620 suboptentu1;
1024 3570 1144 3611 sobteutu
1160 3572 1179 3612 3.
1225 3571 1248 3616 k)
1256 3571 1339 3609 frantie
1349 3571 1368 3612 3.

196 3622 212 3669 l)
226 3620 350 3671 pipinus&
405 3627 434 3669 m)
449 3623 566 3662 huualtum
577 3625 595 3663 1.
605 3625 624 3665 2,
678 3625 701 3669 n)
716 3621 841 3662 thietbaldo
851 3625 870 3664 1.
880 3624 899 3665 2.
953 3627 974 3669 ο)
989 3624 1099 3672 repellere
1113 3623 1132 3664 3.
1187 3622 1210 3672 p)
1224 3614 1368 3665 ddilouem2,

196 3677 219 3724 q)
233 3676 384 3714 baioariorum
394 3673 473 3714 ducem
489 3678 507 3717 1.
555 3679 574 3721 r)
588 3676 659 3729 prelio
675 3678 698 3726 15
713 3677 785 3725 prelio
799 3677 818 3718 3,
865 3678 885 3724 s)
899 3673 994 3715 odelone
1009 3678 1028 3717 1.
1069 3680 1086 3722 t)
1100 3679 1190 3723 ceptum
1204 3675 1223 3715 3.
1264 3675 1288 3725 u)
1302 3686 1368 3714 ceno·

196 3728 257 3766 bium
272 3731 290 3775 1,
304 3729 323 3770 3,
377 3728 401 3778 v)
414 3729 509 3767 boconia
523 3729 542 3770 3,

197 3850 223 3917 1)
241 3852 367 3902 cunctam
386 3848 467 3904 Prov.
487 3852 516 3902 et
533 3866 601 3906 mar.
619 3850 666 3902 illa
683 3851 702 3906 l.
720 3869 740 3903 s.
760 3850 787 3906 d.
806 3869 826 3906 s.
847 3852 945 3904 Cbron.
964 3851 1066 3912 Laur.,·
1090 3851 1203 3915 totaque
1221 3847 1368 3904 Provincia

196 3937 281 3987 usque
300 3919 336 3972 ad
353 3919 416 3972 litus
434 3920 517 3973 maris
535 3925 680 3990 peragrata
698 3924 770 3976 Aac.
789 3919 862 3975 Meu.
945 3919 972 3986 2)
989 3917 1084 3972 Oarlus
1103 3918 1208 3972 Gothos
1226 3926 1367 3989 superatos

196 4022 230 4030 -
256 3989 440 4044 Provincisles
467 3995 592 4059 receptos
619 4009 735 4060 regnum
758 3990 928 4043 Francorum
955 3989 1072 4043 feliciter
1098 3991 1239 4057 possidens
1267 3993 1367 4047 Cbrcn.

195 4063 296 4122 lacum
314 4061 445 4114 interiora
462 4062 542 4130 regni
560 4062 602 4115 sui
620 4079 682 4116 cum
700 4078 768 4130 pace
787 4061 933 4129 disponens
951 4063 1023 4115 Anu.
1043 4061 1115 4114 Meet.
1198 4065 1225 4129 3)
1242 4063 1367 4130 rexitque

195 4132 328 4200 populum
351 4131 520 4194 Francorum
546 4133 624 4186 annis
647 4131 755 4199 XXVI,
780 4131 918 4184 mensibus
936 4130 987 4186 VI.
1013 4133 1085 4185 Aac.
1099 4132 1181 4187 'Metu
1270 4136 1299 4201 4)
1323 4137 1369 4187 Ex

196 4204 349 4255 Annalibus
377 4206 502 4267 amissis-
531 4202 662 4255 Hunaldo
691 4200 811 4255 Karolus
840 4202 966 4269 princeps
993 4200 1207 4269 Aquitaniorum
1237 4202 1367 4257 ducatum

195 4273 300 4338 tribuit,
316 4316 322 4328 .
336 4313 342 4325 .
357 4317 363 4328 .
376 4274 500 4344 germani
512 4273 691 4341 Aquitaniam
703 4276 818 4338 vastant,
837 4272 988 4342 fugientem
1000 4272 1161 4326 Hunaldum
1173 4280 1367 4341 persequentes

195 4347 267 4400 Ana.
287 4347 360 4400 Mete.
441 4346 468 4413 5)
486 4346 532 4397 Ea
549 4346 652 4410 Elpilis
668 4345 730 4396 Vita
748 4344 854 4395 Sturmi
871 4344 933 4410 (SS.
952 4346 1006 4411 II),
1026 4361 1047 4400 c.
1064 4347 1105 4400 12.
1125 4352 1148 4396 et
1167 4348 1216 4407 13,·
1241 4347 1276 4409 cf.
1295 4346 1367 4399 Ana.

194 4416 276 4471 Fusa.
293 4419 396 4483 antiqu.
