2978 4934
323 465 512 537 (AUCTORE
530 466 811 537 MEGINHARDO).
847 469 883 525 A.
901 472 962 525 870.
982 472 1043 526 871.
1241 474 1275 526 73

103 651 327 725 Francorum,
360 668 463 729 quam
491 670 551 712 rex
579 649 649 712 illis
680 650 743 713 sub
773 648 1005 714 testamentol
1033 654 1111 733 post
1141 651 1275 714 obitum

101 759 202 802 suum
222 736 422 800 habendum
438 737 666 818 delegaverat,
692 737 734 801 ab
759 739 807 801 eis
831 738 960 801 auferri
983 741 1017 801 et
1034 738 1270 803 Karlmannoa

100 826 203 890 fratri
232 824 373 888 illorum
401 825 493 888 tradi
522 824 617 888 fama
642 825 811 889 volitante
842 827 1034 902 audierunt,
1067 831 1275 909 congregata

101 914 326 977 multitudine
349 933 420 976 non
442 914 576 976 modica
592 913 786 997 Spirensem
810 934 935 997 pagum
959 917 1130 996 occupant
1154 918 1274 978 contra

100 1022 217 1084 regem
241 1000 408 1064 rebellare
439 1001 668 1084 disponentes.
716 999 816 1079 Quod
847 1021 924 1063 cum
953 1022 1013 1064 rex
1043 1003 1272 1084 comperisset,

102 1091 144 1154 de
169 1090 329 1152 Baioaria
354 1088 529 1172 profectus
552 1090 647 1153 venit
673 1091 717 1152 ad
740 1082 1018 1153 Franeonofurtb
1045 1090 1082 1152 in
1104 1090 1273 1154 Kalendis

102 1177 282 1241 Februarii
315 1177 494 1258 missisque
527 1178 658 1240 nuntiis
689 1178 820 1241 animos
851 1178 1000 1241 filiorum
1034 1199 1174 1241 suorum
1208 1179 1273 1242 sibi
1284 1200 1377 1243 ream.

101 1265 316 1330 reconciliari
345 1265 480 1328 nititur.
528 1265 594 1328 Sed
626 1286 704 1329 cum
732 1266 899 1349 reciproci
928 1267 1063 1329 nuntii⁰
1093 1267 1153 1329 diu
1183 1267 1274 1331 labo-

100 1358 218 1417 rantes
241 1373 314 1417 rem
337 1355 382 1416 ad
405 1352 567 1416 effectum
594 1355 781 1436 perducere
804 1375 875 1418 non
897 1355 1100 1437 potuissent,
1131 1356 1274 1419 tandem

100 1442 262 1505 condicto
285 1441 414 1524 placito
439 1436 485 1521 (et
501 1443 546 1504 ad
561 1461 712 1505 mensem
727 1442 860 1505 Maium
878 1463 985 1524 usque
1002 1438 1143 1524 dilato)‘l
1170 1447 1274 1524 atque

100 1550 186 1613 pace
216 1549 257 1593 ex
285 1533 433 1610 utraque
462 1532 560 1612 parte
589 1530 783 1594 iuramento
814 1531 950 1594 firmata
980 1551 1041 1594 rex
1070 1532 1208 1612 quidem
1237 1533 1274 1593 in

102 1618 297 1681 Baioariam
324 1637 360 1681 se
387 1618 526 1700 recepit,
558 1617 622 1680 filii
644 1638 725 1682 vero
748 1618 843 1681 illius
866 1619 903 1681 in
927 1618 1003 1683 loca
1025 1619 1090 1683 sibi
1114 1619 1275 1702 delegata

100 1706 250 1789 proiecti
273 1708 384 1768 sunt·

210 1793 416 1857 Zuentibald
438 1814 543 1877 nepos
558 1794 707 1858 Rastizi⁰
729 1795 821 1876 apud
836 1793 1110 1857 Karlmannum³
1130 1795 1274 1858 infideli-

98 1882 186 1945 tatis
217 1882 358 1945 crimine
388 1881 608 1945 insimulatus
631 1882 668 1944 in
691 1882 882 1945 custodiam
903 1882 1028 1945 missus
1051 1886 1112 1946 est.
1160 1883 1274 1946 Sclavi

100 1974 219 2033 autem
242 1970 462 2033 Marahenses
487 1970 609 2033 ducem
632 1991 733 2033 suum
762 1971 888 2053 perisse
916 1973 1079 2054 putantes
1103 1972 1275 2052 quendam

100 2057 339 2142 presbyterum
355 2051 551 2139 eius(dem)f
571 2059 667 2121 ducis
683 2059 913 2142 propinquum
928 2059 1066 2122 nomine
1083 2059 1274 2142 Selagama·

98 2151 201 2208 rumg
226 2146 292 2209 sibi
314 2147 352 2208 in
374 2146 564 2228 principem
581 2147 806 2224 constituunt,
832 2147 864 2210 ei
887 2147 1059 2210 minantes
1082 2148 1271 2221 interitum,

98 2227 165 2298 vnih
192 2235 357 2298 ducatum
379 2253 481 2316 super
504 2254 561 2298 eos
585 2235 781 2318 susciperet.
828 2233 896 2313 Qui
919 2236 1047 2298 eisdem
1069 2235 1273 2298 necessitate

103 2326 242 2386 coactus
267 2342 442 2386 assensum
465 2315 648 2405 praebensi
672 2327 792 2385 contra
808 2317 1085 2404 Elngilscalcumk
1111 2324 1147 2385 et
1162 2321 1274 2383 Willi-

99 2410 257 2474 'helmum
287 2411 391 2473 duces
419 2404 643 2473 Karimanni¹
673 2410 803 2493 proelia
833 2430 968 2474 movere
1000 2413 1035 2474 et
1064 2429 1121 2473 eos
1150 2430 1191 2473 ex
1218 2410 1274 2473 ob·

99 2499 203 2562 sessis
220 2498 418 2562 civitatibus
433 2498 603 2581 expellere
618 2499 753 2561 nititur.
791 2497 851 2560 Illi
867 2518 947 2561 vero
963 2499 1123 2561 adversus
1138 2498 1274 2561 hostem

101 2587 178 2669 pari
206 2587 400 2650 intentione
431 2587 633 2650 dimicantes
664 2590 700 2650 et
728 2585 913 2668 nonnullos
947 2587 990 2649 de
1019 2585 1171 2650 exercitu
1201 2586 1273 2648 eius

101 2678 359 2757 prosternentes
383 2695 461 2738 eum
483 2674 604 2756 fugere
629 2674 879 2757 compulerunt.

209 2763 283 2826 Rex
305 2762 562 2826 Hludovvicusm
589 2782 705 2826 mense
728 2762 821 2825 Maio
851 2763 948 2824 iuxta
978 2762 1176 2826 condictum
1206 2761 1337 2844 pla-nu

101 2852 212 2914 citum
234 2851 330 2914 venit
360 2853 405 2914 ad
427 2850 547 2913 villam
569 2851 783 2926 diioui-ew
814 2850 930 2932 ibique
961 2850 1111 2913 filiorum
1136 2871 1275 2913 suorum

101 2938 235 3002 animos
266 2942 405 3022 propter
428 2934 725 3020 (excaecationem)
751 2932 1068 3021 [obcaecationem]⁰
1097 2939 1275 3002 cuiusdam

102 3026 247 3090 Saxonis
278 3028 323 3090 ad
352 3027 566 3090 iracundiam
600 3027 811 3109 provocavit,
847 3028 897 3090 ita
926 3031 967 3089 ut
997 3028 1042 3090 ad
1072 3027 1144 3091 eius
1175 3025 1275 3089 collo·

101 3115 224 3195 quium
246 3114 380 3178 nollent
395 3115 527 3192 venire;
554 3119 628 3179 erat
650 3115 742 3178 enim
764 3115 803 3192 is,
829 3116 887 3196 qui
903 3118 1129 3179 excaecatusl‘
1148 3114 1273 3189 fuerat,

102 3201 323 3266 Heimrichi‘l
365 3203 500 3266 comitis
537 3203 740 3267 vassallus‘.
800 3203 874 3266 Rex
913 3206 1030 3266 autem
1067 3201 1156 3264 filios
1194 3203 1274 3264 inde

102 3293 322 3354 transeuntes
345 3290 382 3353 in
397 3291 481 3354 villa
498 3289 789 3355 &ennacherim-³
811 3294 1011 3373 prosecutus
1027 3289 1083 3352 vix
1107 3290 1151 3351 ad
1174 3309 1275 3351 suum

101 3378 265 3442 invitavit
285 3377 494 3460 colloquium
518 3383 553 3442 et
575 3378 712 3442 blandis
736 3377 948 3442 sermonibus
972 3380 1007 3440 et
1031 3376 1275 3440 beneficiorum

102 3465 413 3557 pollicitationibus
437 3466 552 3548 aliquo
575 3468 676 3530 modo
692 3467 875 3548 mitigavit,
901 3465 1024 3528 deinde
1040 3483 1155 3528 mense
1172 3463 1274 3526 Iunio
1285 3489 1335 3530 run

101 3555 149 3617 ad
172 3554 386 3618 occidentem
412 3554 587 3637 profectus
611 3554 687 3618 loca
710 3556 755 3618 ad
778 3575 813 3618 se
835 3553 1046 3637 pertinentia
1068 3551 1273 3634 peragravit.

211 3641 351 3705 Interea
371 3638 610 3720 Zuentibaldt,
635 3663 714 3706 cum
736 3642 853 3706 nullus
878 3641 1028 3717 crimina,
1054 3659 1140 3721 quae
1164 3640 1195 3703 ei
1219 3639 1274 3702 ob-

104 3729 195 3793 iecta
223 3729 377 3808 fuerant,
409 3730 553 3814 probare
582 3728 764 3814 potuisset,
797 3751 817 3794 a
846 3729 1082 3794 Karlmannou
1115 3728 1274 3791 dimissus

102 3884 126 3930 a)
141 3884 216 3926 carim.
230 3883 249 3925 2.
263 3884 288 3926 F.
342 3883 366 3934 b)
379 3884 534 3923 franconofort
547 3885 578 3926 8⁶.
632 3887 652 3931 c)
666 3883 744 3922 nuncii
759 3885 778 3926 1.
792 3883 826 3925 td.
880 3880 903 3931 d)
917 3879 1055 3921 ct-dilato
1069 3882 1112 3922 des.
1125 3881 1236 3923 2.3c.d.0.
1249 3881 1274 3921 F.

103 3938 126 3984 e)
140 3937 218 3975 rustici
232 3937 262 3979 3ο.
315 3937 396 3985 oeius
411 3937 430 3979 2,
444 3938 527 3979 aeae.
541 3938 565 3979 F.
619 3940 642 3985 g)
656 3937 723 3984 sclag.
737 3947 795 3977 corr.
808 3936 862 3984 slag.
877 3937 901 3986 13
916 3935 970 3984 slag.
984 3935 1003 3977 2,
1057 3935 1081 3981 h)
1095 3934 1139 3973 nisi
1153 3934 1235 3976 dade,
1250 3934 1275 3975 F.

102 3988 121 4036 i)
136 3989 232 4038 prebens
246 3991 264 4031 1.
317 3990 341 4038 k)
356 3990 514 4038 eingilscacum
528 3990 559 4032 tc.
613 3990 628 4037 l)
644 3989 719 4031 carim.
729 3991 748 4030 1.
757 3989 776 4031 2.
786 3989 811 4030 F.
864 3991 894 4035 m)
908 3986 990 4029 ludow.
1005 3987 1036 4030 te.
1089 3989 1113 4035 n)
1128 3987 1227 4026 tribuere
1241 3987 1275 4028 Sd.

105 4043 255 4092 o)excec.1;
275 4042 533 4085 obcaec.2.te.d.c.F.
602 4045 625 4092 p)
639 4052 714 4084 excec.
728 4044 747 4084 1.
814 4043 837 4090 q)
852 4041 964 4080 heinrichi
978 4043 997 4082 1.
1012 4041 1042 4082 a.
1109 4042 1129 4087 r)
1143 4040 1241 4079 vasallus
1255 4040 1276 4080 2,
1350 4089 1353 4094 ,

101 4096 124 4141 ε)
138 4095 309 4135 Gerichesheim
322 4096 351 4145 F5
368 4096 527 4144 gancheshclm
541 4096 623 4138 dada
678 4096 694 4142 t)
708 4091 844 4133 Znendibalt
858 4096 882 4144 ¹5
897 4093 1027 4132 Zuentibalt
1040 4093 1071 4134 3⁶.
1124 4095 1148 4141 u)
1162 4093 1237 4134 carlm.
1251 4092 1276 4141 ²:

104 4147 204 4190 Karlom.
218 4149 256 4199 3d3
271 4147 379 4191 Oarolom.
393 4149 418 4191 F.

105 4269 132 4336 1)
144 4271 177 4324 Α.
187 4272 249 4325 865.
262 4273 424 4322 inconvento
433 4231 646 4334 Francortofaeti
652 4276 715 4337 post
722 4270 825 4336 pasche
838 4269 941 4330 habita·
953 4285 975 4322 c.
985 4283 1079 4334 cupra.
1133 4268 1160 4332 2)
1176 4267 1277 4318 Tribur·

101 4356 151 4392 acu
166 4341 269 4393 Trebur
280 4342 317 4392 ad
328 4343 452 4394 dostram
464 4341 553 4392 Rheni
563 4343 654 4408 ripam
663 4341 748 4408 paulo
759 4355 844 4407 supra
857 4339 1032 4404 Moyantiam.
1051 4338 1082 4392 P.
1137 4337 1164 4404 3)
1177 4339 1276 4389 Gerae-

102 4409 175 4462 }m'm
193 4413 230 4463 acl
248 4413 371 4463 dostram
389 4411 479 4463 Rheni
495 4428 580 4479 supra
602 4412 750 4465 Triburm.
778 4411 809 4464 P.
