2978 4934
201 469 244 524 VI
672 467 901 525 PRAEFATIO.

200 653 245 715 aol
266 673 296 714 a.
323 656 397 714 828.
429 653 466 715 de
495 650 662 715 translatis
691 649 836 730 reliqniis
860 651 894 715 S.
918 650 1108 716 Marcellini
1136 651 1251 716 nrentio
1281 653 1319 730 fit
1346 658 1375 716 et

200 762 231 803 a.
254 746 328 803 836.
352 739 573 820 imperatorem
595 738 631 803 in
653 738 767 802 itinere
790 741 830 804 ab
853 741 929 804 arbe
952 740 1139 819 Franlrfnrt
1161 743 1205 804 ad
1225 745 1374 820 Aqicense

193 828 356 910 palatinrn
384 828 470 907 facto
503 831 547 892 ad
577 833 714 892 sanctos
744 828 988 892 Marcellinum
1018 833 1053 892 et
1082 830 1224 894 Petrum
1253 829 1374 893 nenisse

199 915 368 982 rnenroriae
391 915 551 998 proditnr,
583 917 659 980 laec
687 916 724 980 in
751 915 940 980 nronasterio
965 916 1233 998 Selipenstadensi
1255 917 1374 999 scripta

200 1028 265 1070 esse
287 1008 455 1087 probatnr.
506 1007 593 1086 Qnae
624 1004 734 1086 optinre
765 1003 930 1069 convenire
955 1012 1087 1086 apparet
1108 1005 1145 1069 in
1168 1005 1374 1070 Einltardnrn

200 1094 375 1159 Fnldensis
398 1092 536 1158 coenobii
558 1094 731 1173 alnrnnnrn,
763 1092 919 1157 Hralani
941 1092 1064 1157 allatis
1086 1093 1291 1175 familiarem,
1323 1097 1373 1159 ab·

201 1184 301 1247 latera
325 1182 637 1265 Selipenstadensenr.

306 1271 499 1336 Arrctoribns
528 1292 604 1335 nsns
635 1277 680 1335 est
708 1271 748 1334 ab
777 1268 872 1333 initio
902 1270 1087 1335 Annalilns
1109 1271 1374 1336 Lanrissensilns

199 1360 376 1425 nrinorilns
391 1359 455 1424 sine
476 1358 633 1424 Chronico
649 1357 857 1423 Lanrissensi
879 1379 976 1439 nsqrn
991 1360 1036 1423 ad
1050 1381 1080 1423 0.
1099 1365 1173 1423 804.
1197 1366 1226 1424 et
1249 1360 1373 1425 annali-

201 1452 257 1514 bns
272 1448 460 1530 aicilnsdarn
475 1447 611 1529 oripinis
626 1446 849 1528 Baiooaricae,
874 1447 929 1527 qni
952 1468 1016 1512 non
1039 1447 1106 1512 iarn
1121 1455 1253 1529 exstant,
1277 1469 1374 1528 nsqne

200 1541 245 1602 ad
273 1560 303 1601 a.
329 1543 423 1618 796.,·
457 1558 534 1618 qnos
567 1557 605 1600 ea
635 1534 828 1618 Fredeparii
855 1535 1162 1617 Gontinnationilns,
1193 1537 1374 1601 Annalinrn

200 1626 526 1691 Lanresltarnensinrn
548 1632 577 1690 et
592 1625 845 1689 Mosellanornrn
867 1632 992 1690 anctore
1016 1625 1172 1690 000000Ι
1197 1622 1308 1706 (nsqne
1331 1628 1376 1690 aol

200 1737 231 1778 a.
250 1721 323 1779 785.
348 1721 404 1780 ant
429 1716 530 1797 788),
554 1713 738 1778 Annalilns
760 1713 1026 1778 Lanrissensilns
1050 1710 1253 1797 (rnaioribns)
1278 1734 1374 1794 asaia

201 1806 245 1869 ad
267 1826 297 1867 a.
317 1809 401 1885 788,
432 1803 531 1868 Libro
548 1802 740 1885 pontificali,
770 1802 951 1868 Willibaldi
977 1802 1051 1868 Vita
1072 1802 1247 1884 Bonifatii,
1276 1803 1375 1867 Panli

205 1893 311 1958 Gestis
339 1892 553 1975 episcopornrn
582 1890 787 1956 Mettensinnt
818 1891 975 1956 derivatos
1004 1897 1032 1955 et
1066 1890 1219 1956 Oloronici
1241 1891 1374 1955 Lanris-

200 1981 314 2063 sensis,
357 1980 511 2063 deperditi
546 1980 728 2045 Annalinnr
764 1980 969 2045 Mettensinrn
1003 1978 1116 2061 fontis,
1156 1979 1372 2061 Silliensinrn,

200 2069 421 2151 Fnldensinnr,
446 2069 612 2134 Einloardi
636 2065 707 2149 (arri
729 2069 814 2148 falso
835 2069 999 2152 dicantar)
1021 2069 1212 2150 Annalinnr,
1237 2068 1374 2132 aliorrnn

200 2160 443 2239 fnndanrentnnr
459 2157 559 2237 fnisse
576 2160 715 2239 probare
730 2157 847 2222 stndni.
883 2157 949 2221 His
964 2157 1181 2237 deficientibus
1197 2159 1236 2222 ab
1252 2179 1282 2220 a.
1299 2163 1372 2220 797.

202 2247 393 2312 Einltardns
422 2246 569 2311 Annales
598 2245 827 2311 Lanrissenses
861 2246 1010 2327 seqnitnr,
1047 2268 1062 2310 e
1092 2246 1204 2326 actions
1238 2245 1304 2309 iarn
1334 2248 1373 2309 ab

201 2359 231 2399 a.
251 2342 324 2399 771.
356 2336 513 2400 nonnnlla
541 2341 702 2400 rnntnatns
732 2342 790 2417 est,
821 2357 855 2400 00
884 2334 1025 2399 videlicet
1054 2334 1228 2416 enernplari
1258 2334 1374 2398 arnisso

200 2446 286 2505 nsns,
310 2446 348 2488 ea
371 2445 430 2505 qno
454 2426 549 2489 coclea
568 2424 819 2489 Vindobonensis
835 2429 898 2487 612
917 2419 952 2500 (8
970 2426 1057 2504 apnd
1071 2423 1248 2506 Pertrirnn)
1266 2423 1372 2500 flrrait.

201 2513 336 2578 Praeter
357 2513 414 2576 los
441 2519 504 2578 tres
531 2516 570 2578 al
594 2537 624 2578 a.
644 2519 717 2576 741.
747 2533 844 2594 iisqne
873 2515 917 2576 ad
946 2513 1042 2590 [lnern
1072 2511 1167 2576 etianr
1190 2511 1374 2576 Annalibns

202 2601 414 2667 Sitltiensibns
436 2624 513 2667 nsns
535 2602 659 2667 oidctnr
681 2623 754 2682 esse,
783 2603 925 2666 sednon
949 2600 1050 2665 codice
1074 2600 1238 2681 Sitlriensi,
1270 2622 1291 2663 a
1314 2621 1373 2680 qno

200 2712 314 2755 noncen
337 2697 531 2772 acceperant,
561 2711 658 2772 iisqne
687 2692 732 2754 ad
757 2712 788 2753 a.
813 2696 888 2753 828
911 2689 1099 2771 pertinente,
1130 2692 1186 2753 sed
1207 2689 1373 2769 arcletppo

201 2778 327 2860 anrisso,
358 2782 442 2861 qnod
469 2781 558 2843 land
585 2779 649 2844 scio
679 2801 723 2842 an
745 2777 921 2842 Blandinii
950 2780 990 2842 ab
1019 2778 1088 2859 ipso
1111 2777 1281 2841 Einlrardo
1305 2799 1373 2840 oon-

200 2867 352 2949 scriptnrn
374 2875 403 2932 et
425 2868 520 2933 etianr
541 2868 629 2931 nltra
651 2867 742 2931 illnrn
764 2888 886 2931 annnnr
902 2865 1119 2931 continnatnrn
1141 2865 1249 2943 nnnc.
1286 2866 1374 2929 Nanr

200 2978 266 3021 non
288 2958 389 3042 soban
411 2977 508 3039 nsqne
535 2958 580 3021 ad
601 2977 632 3019 a.
657 2962 731 3020 827.
756 2961 888 3036 praeter
910 2955 1057 3018 Annales
1080 2954 1306 3018 Lanrissenses
1328 2976 1374 3017 eo-

201 3047 279 3127 deni,
311 3067 371 3127 qno
397 3067 493 3127 nsqne
517 3047 561 3109 aol
582 3067 612 3108 a.
638 3050 723 3123 828,
754 3043 869 3124 scripto
895 3043 1017 3107 ntinore
1039 3042 1096 3123 nti,
1127 3045 1183 3106 sed
1210 3043 1305 3106 etiarn
1334 3044 1373 3106 ab

201 3156 231 3198 a.
253 3141 327 3199 828.
352 3157 398 3215 00,
423 3155 502 3214 arcae
527 3154 595 3198 000
618 3131 885 3196 Lanrissensilns
907 3138 936 3195 et
958 3131 1163 3196 Bertinianis
1187 3137 1372 3213 conprinrnt,

201 3245 266 3287 non
295 3245 333 3287 erc
362 3222 442 3304 ipsis
468 3221 543 3302 illis,
574 3223 630 3286 sed
657 3242 696 3285 en
725 3220 919 3301 interpositis
948 3220 998 3283 lois
1029 3220 1222 3285 breoioribns
1251 3220 1375 3283 oidetnr

201 3311 353 3376 larna'sse.
399 3310 562 3375 Accedant
591 3309 734 3374 salsidia
762 3309 889 3373 nrinora
918 3311 1065 3374 Annales
1087 3310 1264 3373 Fnldenses
1294 3307 1373 3371 anti-

202 3399 355 3480 qnissirni,
384 3398 506 3480 Elpilis
529 3398 603 3463 Vita
627 3397 758 3479 Stnrrni,
790 3399 945 3463 Hrabani
967 3398 1138 3463 Denotatio
1167 3396 1375 3462 dedicationis

201 3486 346 3552 ecclesiae
377 3484 508 3564 (Poetae
539 3488 593 3551 lat.
625 3487 677 3568 II,
701 3509 737 3568 p.
763 3489 854 3570 205),
885 3487 1021 3566 fortasse
1044 3487 1119 3552 Vita
1143 3485 1297 3567 Stephani
1320 3486 1373 3548 II.

195 3597 315 3657 papae,
357 3576 489 3656 deniqne
523 3576 625 3657 ipsias
659 3575 824 3641 Einlrardi
862 3576 936 3641 Vita
970 3575 1091 3640 Karoli
1124 3581 1154 3638 ct
1191 3573 1375 3637 Translatio

201 3670 382 3729 sanctorrnn
404 3665 593 3730 Marcellini
615 3671 644 3729 et
667 3665 766 3730 Petri.

308 3753 383 3835 Ipse
405 3753 540 3835 scriptor
562 3755 674 3818 ltornnr
697 3761 740 3818 tot
762 3761 925 3819 anctornnr
952 3750 1105 3832 eacerptis
1129 3770 1293 3830 perparca
1321 3751 1374 3812 ad-

202 3841 292 3923 didit,
317 3842 453 3921 fortasse
469 3845 552 3923 arcad
566 3843 615 3907 nil
624 3843 649 3907 il
664 3845 784 3924 anelat,
802 3842 867 3906 nisi
882 3847 916 3905 nt
931 3837 1152 3903 rnonasteriolo
1168 3858 1224 3900 sno
1240 3838 1375 3900 annales

202 3931 345 4011 pirannis
369 3933 474 3996 lneoes
500 3934 599 4012 daret,
631 3931 743 4012 qitibns
766 3929 945 4012 qnotannis,
974 3933 1009 3990 nt
1032 3925 1111 3990 alili
1133 3927 1237 4006 fiebat,
1266 3947 1374 3989 0000-

201 4026 275 4083 ratn
304 4019 494 4102 dipnissinra
524 4041 662 4101 0000000
689 4020 945 4085 inscriberentur.
992 4016 1096 4096 Atpne
1119 4015 1176 4079 lroo
1199 4013 1323 4095 anidani
1346 4013 1375 4077 ei

201 4130 267 4172 non
291 4109 428 4191 contipit,
453 4108 608 4190 siqrndenr
631 4110 765 4173 annales
787 4107 832 4172 rbi
855 4127 920 4170 non
942 4106 1029 4168 altra
1046 4104 1170 4185 pasclra
1193 4103 1275 4167 anni
1299 4109 1373 4166 839.

195 4198 346 4279 prodacti
368 4203 442 4262 sient
452 4198 472 4278 1,
503 4201 559 4262 sed
580 4197 617 4262 id
638 4197 823 4262 anctoritate
846 4192 985 4258 norninis
1008 4192 1076 4257 eins
1098 4194 1218 4271 factnnr
1241 4191 1373 4271 oidetnr,

203 4375 229 4442 1)
247 4376 394 4428 Marathus
411 4376 481 4428 enirn
500 4373 735 4439 Kirsclpartensr's
758 4369 930 4434 arohetppnrn
955 4369 1013 4419 eins
1031 4368 1176 4433 inspenisse
1195 4366 1315 4426 naletam·
1340 4365 1375 4428 of.

202 4448 289 4511 infra.
