2978 4934
373 427 553 483 AUCTORE
571 428 786 488 RUODOLFO.
820 431 856 486 A.
875 434 1026 488 842-845.
1252 436 1289 490 35

113 616 150 676 et
180 610 333 673 Rihboto
369 609 474 673 abbas
486 608 506 686 1,
542 610 707 674 Hrabana
746 631 880 693 quoque
915 613 1060 695 signifer
1095 634 1173 677 cum
1208 614 1286 679 aliis

112 699 232 762 multis
257 718 298 762 ex
320 697 504 761 nobilibus.
1250 699 1256 705 “

219 779 464 850 Hludowieusb
485 784 688 850 Obodrit0s⁰
709 782 961 852 deiectionem(l
987 788 1170 853 molientes
1191 789 1284 854 bello

111 875 308 959 perdomuit
337 874 448 937 occiso
470 894 551 957 rege
576 894 694 937 eorum
718 873 962 938 (ioztomuizlie
990 880 1186 959 terramque
1209 878 1283 941 illo·

110 984 189 1025 rum
212 967 247 1027 et
270 962 437 1046 populum
460 962 525 1026 sibi
550 963 715 1025 divinitus
738 963 961 1046 subiugatum
984 985 1044 1047 per
1068 965 1172 1029 duces
1196 967 1283 1030 ordi·

110 1052 238 1114 navita

217 1131 424 1203 Hrabanusf
451 1158 594 1221 quoque,
626 1138 803 1221 sophistag
829 1143 864 1203 et
893 1140 945 1203 sui
972 1141 1135 1223 temporis
1166 1145 1280 1224 poeta·

108 1248 187 1290 rum
201 1227 290 1289 nulli
306 1227 485 1303 secundus,
510 1227 637 1290 librum
647 1226 667 1303 ³,
692 1247 794 1308 quem
811 1227 853 1291 de
869 1227 972 1292 laude
989 1222 1149 1292 sanctaeh
1170 1230 1280 1293 crucis

111 1315 249 1391 Christi,
275 1315 463 1397 figurarum
485 1315 653 1378 varietate
677 1315 880 1378 distinctum
904 1316 1040 1380 difficili
1064 1320 1099 1380 et
1121 1317 1279 1381 mirando

107 1406 268 1486 poemate
303 1395 516 1485 conposuiti,
557 1423 617 1485 per
651 1397 883 1466 Ascrichumk
923 1407 958 1468 et
992 1399 1272 1469 Hruodbertum¹

108 1492 294 1554 monachos
316 1491 516 1554 monasterii
532 1491 743 1554 Fuldensism
764 1490 882 1573 Sergio
906 1513 1015 1575 papae
1039 1496 1158 1557 sancto
1174 1494 1278 1558 Petro

108 1579 324 1643 offerendum
346 1579 547 1642 transmisit.

651 1712 729 1784 845.

214 1824 440 1889 DOOOXLV.
479 1825 696 1889 Nordmanni
715 1845 861 1908 regnum
876 1826 998 1889 Karlin
1020 1830 1196 1892 vastantes
1215 1848 1279 1910 per
1288 1849 1364 1898 (narr.
1372 1850 1414 1899 aa.

107 1914 301 1996 Sequanam
323 1934 431 1995 usque
455 1913 602 1977 Parisios
625 1914 763 1997 navigio
785 1917 955 1978 venerunt
979 1918 1014 1978 et
1037 1919 1110 1978 tam
1137 1916 1180 1979 ab
1203 1915 1278 1998 ipso

106 2023 209 2085 quam
225 2000 346 2065 incolis
361 2005 475 2066 terrae
491 2005 633 2084 accepta
648 2003 795 2084 pecunia
811 2003 947 2085 copiosa
964 2022 1140 2087 cumpace
1157 2004 1277 2068 disces-

106 2094 236 2155 serunt.
289 2090 333 2152 In
363 2090 492 2153 Frisia⁰
528 2110 661 2172 quoque
691 2090 802 2154 tribus
832 2090 996 2173 proeliisp
1031 2091 1274 2155 conflixerunt:

104 2179 142 2241 in
165 2179 274 2261 primo
298 2178 437 2261 quidem
459 2178 552 2254 victi,
581 2178 619 2240 in
642 2179 800 2242 secundis
824 2199 903 2243 vero
928 2179 1061 2242 duobus
1085 2180 1276 2261 superiores

104 2266 222 2330 effecti
245 2287 406 2348 magnam
429 2267 606 2328 hominum
630 2266 891 2330 multitudinem
907 2270 1175 2349 prostraverunt.
1216 2265 1276 2329 Oa-

104 2354 246 2417 stellum
270 2355 374 2417 etiam
397 2355 435 2416 in
451 2353 605 2432 Saxonis,
631 2355 722 2436 quod
742 2357 884 2418 vocatur
899 2354 1146 2436 Hammaburg,
1172 2374 1276 2437 popu-

104 2442 169 2505 lati
192 2462 256 2506 nec
279 2442 405 2504 inultiq
432 2442 559 2506 reversi
582 2442 694 2505 sunit

140 2606 142 2609 Ι
210 2530 360 2593 Karlusr
394 2550 472 2593 cum
500 2529 735 2593 Brittonibus⁸
772 2528 948 2592 conflixit⁵
977 2532 1013 2593 et
1043 2549 1120 2591 cum
1150 2529 1274 2611 grandi
1282 2548 1351 2601 (nov.
1359 2552 1402 2601 aa.

104 2619 230 2681 damno
255 2619 424 2682 exercitus
448 2619 501 2682 sui
523 2619 596 2701 ipse
621 2639 698 2681 cum
722 2618 838 2701 paucis
862 2618 918 2679 vix
942 2617 1059 2681 evasit.

211 2703 454 2770 Hludouicust
495 2707 609 2769 XIIII
648 2726 689 2769 ex
726 2706 869 2769 ducibus
904 2705 1157 2769 Bocmanorum
1195 2725 1274 2768 cum

103 2794 301 2858 hominibus
320 2795 390 2858 suis
407 2796 629 2858 christianam
644 2794 847 2877 religionem
863 2794 1098 2858 desiderantes
1122 2793 1273 2877 suscepit

104 2886 139 2946 et
166 2883 204 2945 in
227 2883 355 2946 octavis
384 2884 616 2965 theophaniae
646 2881 834 2966 baptizariu
861 2882 977 2959 iussit,
1008 2886 1162 2965 tempore
1191 2901 1373 2947 veronus.

103 2971 262 3033 autumni
292 2971 329 3032 in
359 2970 507 3034 Saxonia
537 2972 628 3054 apud
658 2969 953 3034 Padrabrunnonv
979 2970 1140 3052 generale
1169 2970 1273 3053 placi-

101 3061 178 3120 tum
208 3058 340 3134 habuit,
371 3058 432 3122 ubi
454 3059 603 3122 fratrum
626 3080 764 3122 suorum
788 3062 823 3122 et
845 3059 1155 3135 Nordmannorum,
1182 3057 1272 3121 Scla-

101 3167 222 3209 vorum
245 3167 379 3229 quoque
403 3151 437 3210 et
460 3146 714 3229 BulgarorumW
737 3147 928 3228 legationes
952 3146 1111 3228 suscepit,
1138 3146 1271 3209 audivit

103 3237 138 3297 et
162 3234 319 3298 absolvit.

208 3323 437 3387 Hlutharius¹
457 3323 655 3386 Folcratum
671 3324 793 3386 ducem
808 3322 1048 3386 Arelatensem
1069 3324 1104 3385 et
1121 3320 1271 3402 reliquos

103 3411 243 3474 comites
273 3410 413 3474 illarum
442 3412 618 3494 partiumy
650 3410 819 3475 rebellare
848 3409 1030 3472 molientes
1060 3409 1097 3470 in
1128 3407 1271 3471 deditio·

101 3504 200 3561 nemz
229 3500 362 3582 accepit
385 3503 429 3576 et,
454 3503 557 3582 prout
579 3499 699 3575 voluit,
724 3497 960 3561 Prouinciama
986 3496 1169 3559 ordinavit.

101 3652 123 3698 a)
138 3652 224 3690 rhaban
238 3653 258 3694 1.
272 3652 291 3694 2.
305 3653 324 3694 3.
378 3652 401 3700 b)
414 3650 526 3695 Hlodouu.
541 3654 560 3695 3.
614 3655 634 3700 c)
648 3649 725 3692 abodr.
740 3652 758 3692 1.
773 3651 792 3693 2.
805 3651 829 3699 33
849 3651 878 3697 cf.
893 3661 913 3691 a.
927 3649 973 3691 858.
987 3653 1006 3687 et
1020 3648 1065 3690 833.
1119 3646 1143 3700 d)
1157 3645 1270 3687 defeccio-

101 3715 152 3742 nem
161 3705 180 3745 3.
222 3705 244 3756 e)
256 3705 398 3753 goztomiuzli
408 3707 427 3747 1.
436 3706 460 3754 2;
475 3705 610 3753 gorzomuizl
624 3706 648 3755 3;
663 3705 697 3743 hir
708 3705 784 3752 fluitur
792 3704 816 3741 in
825 3703 895 3742 codice
903 3703 943 3750 fol.
953 3702 998 3751 2⁰¹2·
1011 3703 1040 3749 ct.
1049 3712 1118 3750 supra
1128 3712 1148 3742 α.
1157 3701 1205 3750 842,
1215 3711 1236 3744 n.
1246 3701 1269 3743 k.

100 3757 245 3803 orhabanua
256 3760 274 3800 1.
284 3759 302 3800 2.
343 3759 366 3810 g)
379 3759 488 3808 sophyata
502 3759 521 3800 3.
561 3759 585 3805 h)
599 3759 636 3798 sce
650 3759 669 3799 3.
710 3757 726 3808 1)
741 3768 812 3805 comp.
821 3758 840 3797 1.
880 3755 904 3803 k)
918 3755 1106 3806 aschrieum1.2;
1121 3754 1235 3794 ascrihum
1248 3754 1268 3797 3.

100 3810 116 3856 1)
132 3810 272 3850 ruotbertum
286 3813 305 3853 1.
318 3811 338 3854 2.
398 3813 428 3858 m)
442 3809 566 3851 flundensls
580 3812 600 3853 3.
658 3812 681 3857 n)
695 3810 773 3849 Karoli
788 3811 806 3850 1.
821 3809 841 3850 2.
854 3809 874 3851 3.
927 3808 950 3859 ο)
964 3808 1033 3848 fresia
1046 3808 1065 3851 3.
1119 3809 1142 3856 p)
1156 3807 1234 3870 prpiiis
1249 3808 1268 3849 1.

100 3864 123 3911 q)
137 3864 201 3902 multi
216 3866 234 3905 i.
249 3864 268 3906 2.
283 3864 302 3906 3.
369 3866 389 3911 r)
403 3865 499 3904 Karalus
514 3866 533 3906 1.
548 3865 572 3913 25
594 3863 672 3902 (larius
686 3864 705 3905 3.
773 3864 791 3909 a)
805 3861 931 3901 britonibus
947 3863 966 3903 1.
979 3862 999 3903 2.
1068 3862 1086 3908 t)
1100 3858 1235 3900 hludovrcus
1248 3860 1268 3901 2.

100 3915 124 3965 u)
139 3917 256 3964 paptizare
270 3927 326 3958 coar.
341 3917 452 3966 paptizari
466 3918 485 3959 3,
529 3916 553 3967 v)
567 3914 726 3966 padraprunno
740 3916 760 3958 3.
804 3918 834 3963 w)
848 3915 966 3964 vulgarum
979 3916 999 3957 1.
1007 3914 1027 3957 2.
1073 3916 1097 3961 x)
1112 3913 1210 3956 hlothar.
1219 3914 1238 3954 1.
1248 3912 1268 3956 2.

100 3970 123 4017 y)
137 3969 238 4017 parcium
252 3970 271 4012 3.
325 3969 345 4021 a)
359 3968 500 4009 dedicionem
514 3971 533 4012 2.
588 3972 610 4016 a)
624 3969 761 4017 provintiam
775 3968 795 4011 3.

100 4091 126 4157 1)
145 4091 308 4144 Oeatulensis
326 4093 368 4159 (S.
385 4093 519 4159 Riquicr).
592 4092 619 4159 2)
637 4092 679 4156 Cf.
698 4092 838 4142 demlcr
855 4090 878 4156 Ι,
896 4107 924 4157 p.
937 4091 1087 4144 264-268.
1159 4087 1186 4154 3)
1203 4087 1268 4138 Pcr-

96 4162 242 4228 pulchrum
259 4164 316 4214 eius
334 4163 521 4230 apoyraphum
539 4163 642 4214 saeculo
657 4178 726 4214 acac
737 4162 777 4214 vel
787 4163 866 4213 initio
877 4161 972 4212 decimi
982 4165 1124 4212 cadratam
1136 4159 1167 4208 in
1178 4158 1268 4209 Mutata

100 4232 198 4284 01131110
215 4234 303 4288 eoolm'¹
332 4235 362 4288 P.
401 4235 442 4297 Cf.
461 4235 531 4287 Paci.
551 4235 598 4288 lat.
617 4232 656 4299 II,
673 4251 702 4300 p.
716 4234 768 4287 156
780 4249 818 4298 sq.
907 4231 935 4296 4)
958 4231 999 4293 Cf.
1018 4229 1161 4280 Prudentia·
1177 4228 1266 4282 Ana:

99 4301 196 4368 quibus
222 4302 343 4355 Saxones
369 4308 543 4356 occurrentes
568 4302 711 4356 commisso
738 4302 842 4370 proelio
868 4341 928 4357 ...
953 4299 1070 4352 victores
1095 4295 1265 4362 efficiuntur3

98 4372 239 4427 dernler
257 4375 280 4440 I,
297 4392 326 4441 p.
345 4377 448 4440 281rq.
520 4374 548 4439 5)
565 4375 650 4441 Prope
667 4374 783 4434 Bauon,·
801 4370 983 4436 Bemmari,
1000 4388 1029 4437 p.
1048 4371 1109 4424 289.

1022 4473 1055 4528 3*
