2962 4934
349 491 440 549 ANN.
457 491 569 549 FULD.
588 491 697 551 OONT.
715 489 867 548 RATISB.
903 491 938 548 A.
957 494 1020 550 882.
1220 493 1272 548 107

207 675 423 739 Nordmanni
454 675 576 739 audita
597 675 808 739 Francorum
839 675 1048 739 dissensione
1071 677 1108 739 et
1129 674 1272 757 impera-

101 763 184 828 toris
215 783 334 828 eorum
364 763 556 828 abiectione
585 763 735 847 plurima
764 763 855 839 loca,
889 781 977 846 quae
1006 762 1101 845 prius
1129 762 1271 825 minime

100 853 299 936 tetigerant,
323 855 557 916 vastaverunt.
603 852 659 915 Ad
681 852 886 916 Remenscm
914 869 1048 934 quoque
1075 849 1196 914 urbem
1218 869 1271 913 ve-

100 941 190 1004 nisse
219 939 428 1016 referuntur‚
460 941 520 1004 sed
550 939 646 1005 Deus
674 959 735 1024 per
763 940 888 1004 merita
917 939 1029 1004 sancti
1057 937 1205 1020 Remigii
1236 940 1271 1001 et

101 1028 347 1093 monasterium
377 1032 474 1093 extra
503 1029 680 1093 civitatem
709 1029 860 1112 positum
890 1031 926 1092 et
954 1029 1065 1112 ipsam
1095 1027 1272 1090 civitatem

101 1115 229 1181 nebula
252 1117 455 1181 densissima
477 1137 538 1201 per
566 1118 674 1180 trium
703 1117 836 1181 dierum
865 1116 998 1199 spatia²
1033 1114 1269 1191 circumdedit,

100 1206 151 1270 ita
172 1208 214 1268 ut
236 1209 401 1269 neutrum
415 1205 569 1270 invenire
584 1225 648 1270 nec
664 1205 788 1269 saltem
803 1205 919 1270 videre
935 1205 1138 1288 potuissent.
1171 1202 1270 1266 Unde

100 1297 216 1359 mente
240 1294 452 1358 consternati
475 1294 671 1377 pariterque
695 1293 831 1358 confusi
854 1285 1119 1359 discesseruntb.

366 1770 647 1844 ANNALIUM
672 1769 1005 1844 FULDENSIUM

322 1961 644 2028 OONTINUATIO
670 1961 1052 2027 RATISBONENSIS.

586 2098 622 2155 A.
641 2101 792 2157 ssa-897.

48 2443 89 2486 sss.
628 2415 723 2487 *8820

206 2527 423 2592 Nordmanni
446 2528 582 2613 ereptis,
608 2548 692 2611 quas
715 2530 886 2611 poterant,
912 2526 1014 2591 rebus
1038 2527 1196 2591 omnibus
1219 2547 1270 2604 ac,

99 2637 204 2700 quam
226 2617 371 2700 pessime
395 2620 431 2681 et
453 2617 543 2681 visui
565 2616 764 2681 horribilior
787 2618 871 2692 erat,
896 2614 1102 2697 quibusdam
1124 2614 1208 2680 locis
1235 2620 1271 2680 et

100 2706 252 2770 ecclesiis
283 2706 441 2782 dimissis,
473 2704 679 2788 quibusdam
709 2704 944 2780 concrematis,
974 2704 1102 2768 reversi
1129 2708 1211 2769 sunt
1234 2705 1271 2768 in

99 2814 197 2874 suam
223 2794 461 2871 munitionem,
493 2813 580 2876 quae
608 2795 836 2878 circumsepta
863 2792 1045 2857 constabat
1067 2813 1164 2857 secus
1187 2793 1271 2858 litus

99 2883 217 3033 {pppis
239 2882 391 2946 fluminis
407 2882 492 2960 loco,
518 2882 577 2965 qui
593 2883 722 2946 dicitur
736 2881 897 2959 Aseloha‚
922 2883 964 2946 de
980 2882 1100 2946 Hreno
1123 2882 1272 2946 miliaria

205 3052 326 3106 Karolus
350 3053 498 3122 quippe,
524 3070 600 3107 cum
627 3054 766 3109 audisset
791 3054 909 3108 obitum
933 3053 1026 3107 fratris
1049 3055 1091 3108 sui
1113 3053 1388 3122 maioriararsm.

99 3141 134 3195 de
152 3140 257 3195 Italia*
282 3157 346 3209 per
363 3141 544 3194 Baiowan'am
561 3141 635 3196 iter
653 3159 752 3196 suum
775 3131 812 3194 in
835 3130 1017 3194 Franciam
1040 3142 1153 3197 direxit
1161 3143 1178 3211 ²,
1202 3131 1271 3214 pla·

100 3219 208 3282 citum
231 3218 392 3300 generale
415 3218 461 3282 ad
483 3217 715 3282 Wormaciam
737 3218 862 3294 tenuit,
890 3219 1037 3301 receptis
1065 3218 1271 3302 primoribus
1281 3239 1334 3282 un

100 3310 165 3371 cene
192 3325 299 3388 regno
322 3306 441 3370 fratris
465 3307 518 3369 sui
540 3324 657 3370 mense
680 3307 862 3370 Maiarum.
908 3305 991 3369 Post
1018 3308 1105 3370 haec
1132 3325 1271 3389 praepa·

48 3415 90 3456 too.
99 3395 185 3458 ratis
216 3395 322 3478 copiis
353 3415 394 3458 ex
423 3394 516 3458 omni
547 3414 609 3458 suo
638 3413 755 3477 regno,
783 3393 1031 3476 Longobardis‚
1054 3388 1271 3458 'Alamannis

100 3483 309 3564 Francisque
333 3503 448 3547 secum
471 3482 654 3566 assumptis
677 3482 738 3546 ille
757 3501 799 3547 ex
814 3481 1021 3545 occidentali
1036 3485 1135 3565 parte
1151 3485 1271 3546 contra

99 3570 352 3648 Nordmannos,
381 3570 565 3635 Baiouarii
593 3590 635 3635 ex
657 3569 818 3634 orientali
842 3569 952 3633 Hreni
982 3569 1133 3633 fluminis
1162 3589 1270 3652 usque

100 3660 145 3722 ad
165 3654 439 3724 Antrinacham‘l
461 3659 601 3723 tandem
627 3677 663 3722 se
685 3658 958 3723 transmiserant.
1005 3657 1062 3723 Ibi
1085 3658 1195 3722 diviso
1219 3678 1271 3722 ex-

100 3747 211 3810 ercitu
233 3746 415 3811 Baiouarii
439 3768 518 3812 cum
543 3746 698 3831 principe
721 3767 839 3811 eorum
862 3745 1019 3824 Arnolfo,
1044 3747 1168 3812 Franci
1192 3767 1272 3810 oum

99 3834 275 3899 Heimrico
298 3836 393 3899 missi
415 3856 521 3899 manu
537 3856 616 3900 cum
630 3835 747 3899 valida
769 3838 851 3899 ante
874 3854 990 3918 regem
1013 3839 1049 3901 et
1072 3835 1269 3914 exercitum,

98 3926 139 3986 ut
163 3923 260 4006 quasi
284 3924 441 3987 incautos
465 3928 500 3988 et
522 3923 760 3988 inaestimatos
784 3925 977 4007 quandam⁰
1005 3929 1138 4009 partem
1161 3924 1271 3988 inimi·

215 4093 242 4162 ³¹⁸)
259 4095 360 4148 Manus
377 4112 442 4150 saw,
462 4096 529 4152 XII.
549 4098 579 4149 in
596 4097 652 4152 cod.
671 4099 688 4152 3
707 4098 800 4151 addit:
818 4095 873 4150 iam
891 4094 1041 4163 imperator
1059 4095 1155 4151 factus.

98 4255 120 4301 a)
135 4253 212 4302 spacia
224 4254 270 4294 cod.
311 4253 334 4300 b)
348 4254 371 4291 in
385 4253 426 4292 hac
440 4265 488 4293 voce
501 4255 579 4294 desinit
593 4255 667 4306 codar,
678 4257 765 4306 popina
778 4257 863 4307 quidem
877 4254 984 4305 absoluta,
998 4255 1035 4294 scd
1049 4256 1132 4294 ultimis
1145 4256 1208 4295 lineis
1216 4257 1270 4305 plus

98 4307 163 4345 solito
173 4307 316 4354 condensatis,
326 4308 358 4344 ita
367 4310 390 4343 ut
400 4307 456 4346 nihil
465 4309 535 4347 deesse
545 4312 659 4357 appareat.
673 4311 697 4353 P.
738 4309 759 4362 c)
774 4309 792 4351 δι
807 4310 826 4352 ³.
867 4305 1067 4356 <inritamenta
1109 4311 1130 4357 c)
1145 4307 1270 4359 quedams.

99 4446 126 4514 1)
144 4448 186 4511 Cf.
205 4463 291 4514 supra
305 4453 412 4514 purtem
430 4449 544 4501 arcam.
