2978 4934
451 412 541 472 Anu.
560 411 863 471 summissus.
882 411 1074 482 (Moesus.)

282 597 488 672 ihisiones²,
520 596 579 678 qui
602 598 770 658 vocantur
792 595 1032 672 occidentales,
1058 616 1138 659 cum
1160 593 1345 659 Nordman-

174 680 254 750 nisb
294 686 498 749 dimicantes
530 683 677 747 victores
711 683 903 747 extiterunt
936 702 1123 765 omnesque
1157 685 1344 761 thesauros,

175 796 259 858 quos
282 765 524 838 Nordmannib
558 771 815 855 plurimaloca
841 771 1020 854 spoliando
1044 777 1345 855 congregaverant,

175 862 395 927 abstulerunt
418 865 522 944 atquc
546 861 638 924 inter
661 879 697 923 se
721 860 921 923 diviserunt.

282 950 433 1015 Karolus
462 969 522 1014 rex
552 950 595 1012 de
625 947 732 1011 Italia
763 949 801 1010 in
831 946 982 1012 Galliam
1010 948 1148 1013 rediens
1178 969 1287 1013 novos
1314 953 1348 1014 et

174 1040 332 1104 insolitos
362 1039 503 1102 habitus
533 1037 754 1120 assumpsisse
784 1036 1001 1120 perhibetur;
1034 1056 1116 1101 nam
1145 1037 1253 1101 talari
1284 1037 1348 1101 dal·

174 1129 303 1193 matica
317 1128 461 1190 indutus
484 1130 520 1190 et
540 1124 682 1190 baltheo
699 1125 845 1208 desuper
860 1125 1035 1189 accinctus
1051 1127 1229 1209 pendente
1243 1145 1350 1209 usque

175 1218 220 1280 ad
243 1217 348 1300 pedes
370 1235 506 1279 necnon
528 1213 641 1296 capite
664 1213 821 1277 involuto
844 1214 952 1277 serico
975 1213 1146 1279 velamine
1174 1233 1215 1277 ao
1239 1214 1350 1278 diade

175 1309 268 1369 mate
292 1305 439 1386 desuper
468 1302 618 1385 inposito
647 1301 827 1365 dominicis
850 1301 1036 1385 festisque⁰
1065 1301 1187 1367 diebus
1212 1303 1257 1365 ad
1281 1323 1351 1366 aec·

177 1392 317 1456 clesiam
351 1390 536 1474 procedere
571 1388 716 1453 solebat.
767 1389 913 1454 Omnem
943 1391 1035 1454 enim
1065 1392 1350 1454 consuetudinem

175 1501 298 1563 regum
328 1479 540 1542 Francorum
575 1473 825 1542 contemnenti
859 1476 1010 1542 Grecas⁰
1045 1478 1172 1561 glorias
1203 1480 1352 1563 optimas

177 1567 412 1632 arbitrabatur
435 1570 480 1642 et,
511 1569 552 1628 ut
581 1567 745 1630 maiorem
775 1586 857 1631 suae
880 1568 1006 1631 mentis
1031 1567 1219 1630 elationem
1242 1571 1352 1632 osten-

177 1657 288 1733 deret,
321 1655 438 1719 ablato
468 1655 559 1738 regis
589 1655 728 1719 nomine
759 1675 794 1720 sc
825 1656 1067 1739 imperatorem
1098 1658 1134 1719 et
1165 1659 1355 1739 augustum·

176 1745 330 1808 omnium
345 1764 467 1826 regum
484 1744 532 1807 cis
548 1763 642 1807 mare
658 1744 921 1808 consistentium
941 1743 1116 1828 appellare
1139 1737 1349 1828 praecepitf.

176 1833 331 1896 Plurima
361 1833 467 1897 etiam
495 1832 713 1896 incredibilia
735 1852 771 1896 se
796 1836 917 1896 contra
939 1832 1210 1896 Hludovvicumg
1236 1852 1351 1916 regem

177 1925 213 1985 et
235 1941 382 2003 regnum
404 1921 499 1984 illius
522 1921 699 1984 facturum
715 1939 787 1984 esse
803 1921 954 1984 minatus
970 1924 1037 1999 est;
1063 1914 1234 2002 deniqueh
1261 1921 1352 1985 inter

177 2013 291 2074 cetera
314 2009 502 2073 iactantiae
519 2028 601 2073 suae
616 2009 723 2072 verba
738 2009 862 2073 dixisse
885 2009 997 2073 fertur
1020 2028 1056 2073 se
1078 2012 1216 2072 tantam
1239 2009 1353 2072 multi*

175 2099 335 2162 tudinem
351 2099 393 2162 de
411 2098 553 2161 diversis
569 2097 653 2161 locis
670 2101 968 2181 congregaturum,
990 2101 1031 2160 ut
1045 2090 1187 2161 Rhenoi
1210 2097 1354 2161 flumine

177 2186 220 2251 ab
245 2187 341 2270 equis
364 2187 505 2251 illorum
528 2187 696 2250 exhausto
718 2186 790 2270 ipse
813 2207 875 2270 per
891 2187 1025 2250 aridum
1044 2185 1182 2250 alveum
1199 2186 1352 2251 eiusdem

177 2276 329 2339 fluminis
364 2279 454 2340 esset
488 2275 697 2340 transiturus
731 2278 913 2357 totumque
945 2267 1169 2338 Hludovvicik
1206 2295 1353 2357 regnum

177 2368 386 2428 vastaturus.
426 2363 532 2429 Ouius
556 2364 670 2428 minae
693 2362 860 2427 facillime
884 2363 1023 2426 sedatae
1047 2366 1145 2440 sunt3
1170 2383 1253 2425 nam
1269 2362 1353 2425 Hlu-

178 2454 330 2516 dovvicog
350 2454 538 2518 exercitum
554 2473 654 2516 suum
670 2454 902 2534 congregante
925 2450 986 2513 ille
1008 2451 1133 2514 timore
1148 2451 1354 2533 perterritus

178 2540 312 2623 legatos
335 2543 430 2605 misit
453 2533 660 2625 pacemquel
689 2540 802 2622 petiit.
849 2538 1003 2620 Cumque
1026 2538 1174 2601 nuntiim
1198 2559 1240 2603 ex
1263 2542 1354 2602 utra-

178 2649 245 2710 que
268 2633 367 2713 parte
387 2631 543 2713 saepiusn
564 2628 686 2692 directi
704 2648 761 2691 eos
776 2626 956 2710 pacificare
973 2627 1197 2703 studuissent,
1222 2626 1355 2690 Hludo-

178 2717 310 2779 vvicusg
337 2722 535 2799 aegrotare⁰
564 2716 736 2799 coepitet
760 2718 934 2780 crescente
964 2715 1116 2780 cotidiel'
1150 2715 1353 2779 infirmitate

72 2823 169 2872 Auara
179 2804 220 2867 V.
245 2804 325 2866 Kal.
351 2804 541 2887 Septembr.
572 2804 609 2866 in
639 2803 770 2886 palatio
793 2804 1047 2867 Franconofurt
1076 2804 1167 2867 diem
1190 2803 1354 2866 ultimum

180 2891 321 2968 clausit;
359 2893 481 2955 cuiusq
515 2911 637 2974 corpus
667 2891 848 2955 transtulit
879 2892 1083 2974 aequivocus
1117 2891 1212 2954 illius
1248 2895 1284 2956 et
1317 2892 1355 2954 in

178 2980 388 3044 monasterio
412 2979 523 3043 sancti
545 2979 693 3056 Nazarii,
725 2982 817 3062 quod
847 2981 973 3044 dicitur
996 2980 1219 3057 Lauresham,
1250 2981 1354 3043 hono-

178 3067 274 3132 rifice
298 3067 467 3152 sepelivit.

83 3177 168 3227 (Sept).
273 3151 442 3221 *Karolus
465 3175 546 3221 vero
569 3156 794 3220 Hludovvicig
819 3160 929 3220 morte
954 3155 1184 3240 comperiar-1
1207 3176 1355 3239 regnum
1364 3175 1408 3226 *aa

178 3246 273 3310 illius
305 3246 495 3330 cupiditate
525 3246 650 3309 ductus
680 3245 808 3308 invasit
839 3248 874 3309 et
903 3264 985 3309 suae
1016 3245 1139 3309 ditioni
1169 3244 1355 3328 subiugare

179 3336 324 3412 studuit,
350 3335 549 3400 existimans
570 3355 615 3411 se,
640 3337 681 3396 ut
696 3334 791 3396 fama
806 3333 981 3416 vulgabat,
1005 3355 1077 3397 non
1092 3334 1203 3397 solum
1219 3337 1356 3417 partem

178 3426 277 3506 regni
305 3423 517 3501 Hlotharii⁸,
550 3443 652 3506 quam
679 3421 932 3485 Hludowicusff
962 3423 1078 3486 tenuit
1108 3426 1143 3486 et
1172 3422 1254 3485 filiis
1285 3423 1355 3486 suis

178 3512 346 3576 utendam
363 3511 556 3594 dereliquit,
576 3531 638 3595 per
652 3506 891 3596 tyrannidemt
912 3531 1011 3594 posse
1026 3509 1217 3586 obtinereu,
1234 3531 1356 3574 verum

181 3602 285 3664 etiam
321 3604 461 3664 cunctas
497 3601 655 3666 civitates
689 3600 789 3682 regni
819 3598 1043 3663 Hludovvicig
1078 3600 1116 3662 in
1146 3598 1355 3663 occidentali

181 3688 283 3752 litore
312 3689 452 3752 Rhenii'
485 3688 637 3752 fluminis
671 3689 800 3772 positas
831 3708 892 3751 suo
921 3708 1028 3770 regno
1059 3689 1199 3764 addere,
1235 3688 1272 3750 id
1303 3691 1357 3752 est

181 3875 204 3926 a)
218 3875 321 3914 frisiones
331 3886 389 3917 corr.
399 3875 494 3916 frisones
509 3877 533 3926 13
548 3877 644 3928 frisones
659 3879 689 3920 30,
736 3877 759 3926 b)
774 3881 855 3920 nortm.
869 3878 899 3920 Bo.
947 3877 969 3929 c)
982 3881 1006 3918 et
1020 3876 1083 3917 festis
1097 3876 1180 3920 dade.
1193 3877 1218 3918 F.
1264 3874 1288 3923 d)
1303 3887 1356 3915 con·

182 3932 299 3976 tempnens
314 3928 369 3970 Bae.
437 3930 458 3975 e)
471 3939 550 3983 grecam
565 3930 585 3973 2.
599 3931 629 3971 tc.
637 3941 653 3972 e.
667 3932 692 3973 F.
759 3931 853 3980 optes.
867 3932 887 3974 1.
953 3933 976 3979 g)
989 3928 1071 3972 ludow.
1085 3930 1117 3973 tc.
1180 3930 1203 3977 h)
1218 3927 1321 3972 velden.
1336 3929 1357 3972 2.

182 3981 198 4032 i)
213 3989 267 4019 reno
282 3980 312 4022 3ο,
373 3980 397 4029 k)
411 3979 494 4024 ludow.
508 3983 562 4024 tae.
623 3983 640 4031 l)
654 3993 733 4032 paoem
746 3984 814 4032 petiit
827 3985 857 4026 3⁶.
865 3984 886 4026 d.
944 3983 975 4035 m)
990 3983 1067 4023 nuncii
1081 3985 1100 4024 1.
1158 3985 1181 4030 n)
1195 3982 1271 4031 sepius
1287 3984 1306 4024 1.
1321 3983 1356 4024 td.

182 4035 204 4080 ο)
218 4036 320 4081 egrotare
335 4033 397 4083 cepit
410 4035 428 4076 1.
483 4037 507 4084 p)
521 4032 614 4075 cottidie
629 4037 648 4078 1.
663 4037 723 4086 dc.e;
744 4035 846 4084 quotidie
859 4037 884 4078 F.
939 4039 962 4086 q)
976 4037 1039 4076 cuius
1055 4058 1080 4064 -
1094 4036 1201 4086 sepelivit
1214 4037 1258 4078 des,
1272 4035 1331 4077 Sed.

182 4089 202 4134 r)
216 4090 308 4178 pepertrp
321 4086 404 4130 bade.
451 4089 470 4136 s)
485 4087 594 4128 hlutharii
608 4088 667 4131 aas.
680 4090 711 4139 1¹¹3
726 4089 782 4130 luth.
797 4090 826 4131 ce.
875 4091 892 4138 t)
907 4090 1091 4133 thaumasto.
1140 4092 1163 4137 n)
1177 4089 1282 4138 optinere
1296 4089 1356 4130 tue.

179 4143 203 4188 v)
234 4139 283 4179 reni
310 4169 316 4183 .

182 4297 366 4365 licerium-15,
393 4301 463 4351 unde
487 4303 567 4352 etiam
585 4300 654 4368 Sept.
674 4303 700 4355 4.
724 4301 844 4367 diploma
868 4302 961 4353 (latrem
986 4309 1023 4354 cst
1048 4301 1354 4368 (Bdbmerar.1802),·

179 4369 320 4421 Dtlmmler
338 4371 377 4438 II,
394 4389 424 4439 p.
441 4373 503 4426 411.
920 4402 927 4418 ·
