2978 4934
327 463 516 533 (AUCTORE
535 463 814 534 MEGINHARDO).
850 464 886 522 A.
905 468 967 522 884.
986 468 1048 524 885.
1225 470 1277 525 103

102 647 281 724 sistebant,
313 647 615 730 11119911111111110119ει
649 652 703 712 est
732 648 901 732 proelium
931 668 973 712 ex
1001 652 1148 732 utraque
1178 654 1277 734 parte

103 740 225 800 contra
240 735 492 799 Nordmannos.
528 736 640 800 Tanta
663 737 811 819 denique
834 737 871 799 in
896 756 952 800 eos
976 738 1155 801 christiani
1172 741 1276 804 caede

102 825 243 889 bachati
267 827 357 899 sunt,
382 827 423 887 ut
445 825 546 907 pauci
570 825 612 888 de
633 828 734 889 tanta
749 825 974 889 multitudine
989 825 1275 908 relinquerentur.

104 913 235 992 Quibus
266 912 372 995 gestis
400 913 492 976 idem
515 912 687 977 Frisiones
711 933 828 977 eorum
851 933 955 977 naves
979 914 1181 978 invaserunt
1203 918 1276 978 tan·

102 1005 245 1084 tumque
260 1002 464 1064 thesaurum
478 1001 515 1063 in
532 1022 615 1064 auro
640 1005 675 1065 91
699 1005 842 1084 argento
858 1003 1020 1085 variaque
1036 1003 1276 1086 suppellectile

101 1092 313 1174 repererunt,
338 1093 378 1152 ut
402 1109 518 1153 omnes
543 1110 564 1153 a
586 1090 728 1153 minimo
751 1110 859 1173 usque
883 1091 927 1154 ad
949 1091 1137 1154 maximum
1153 1092 1276 1156 divites

103 1179 334 1242 efficerentur.

210 1265 314 1348 Hugo
331 1259 530 1329 Hlothariib
553 1267 642 1348 regis
659 1266 760 1342 filius,
786 1267 883 1330 cuius
907 1287 1056 1331 sororem
1079 1268 1276 1350 praedictus

103 1352 266 1418 Gotafrid
290 1355 389 1418 duxit
412 1374 562 1431 uxorem,
588 1354 807 1419 insimulatus
832 1359 885 1420 est
908 1357 1000 1439 apud
1023 1356 1274 1440 imperatorem,

103 1445 195 1526 quod
225 1444 378 1507 eiusdem
409 1443 669 1526 conspirationis
694 1442 869 1508 Gotafridi
900 1448 1021 1508 contra
1049 1464 1195 1528 regnum
1217 1446 1276 1507 im·

103 1532 269 1615 peratoris
299 1530 417 1595 fautor
447 1532 618 1595 existeret.
672 1529 903 1609 Quamobrem
937 1533 981 1597 ad
1012 1532 1277 1616 imperatorem1

102 1623 244 1683 vocatus
268 1623 304 1683 et
327 1640 417 1683 noxa
440 1620 617 1683 convictus
640 1620 771 1684 lumine
794 1620 972 1684 oculorum
994 1641 1065 1684 una
1088 1641 1167 1685 cum
1185 1623 1276 1685 avin-

103 1708 201 1772 culo⁰
235 1729 296 1771 suo
324 1709 478 1791 privatus
503 1711 555 1771 est
580 1708 674 1772 etin
697 1709 944 1772 monasterium
974 1711 1084 1773 sancti
1108 1709 1277 1773 Bonifatii

103 1797 196 1880 apud
212 1796 381 1860 Fuldam2
403 1800 558 1860 retrusus
574 1797 678 1860 finem
701 1817 783 1860 suae
806 1797 929 1861 habuit
952 1798 1157 1882 tyrannidis.
1197 1798 1276 1863 an-

101 1885 169 1949 teri
198 1905 288 1961 vero,
320 1885 379 1968 qui
409 1905 488 1948 cum
518 1905 558 1949 90
588 1888 697 1962 erant,
729 1886 824 1968 equis
855 1889 891 1950 et
920 1883 1023 1950 armis
1053 1905 1093 1950 ac
1122 1887 1276 1951 vestibus

103 1973 241 2056 spoliati
264 1974 320 2036 vix
342 1974 428 2037 nudi
453 1978 645 2037 evaserunt.

210 2061 403 2145 Imperator
438 2082 516 2125 cum
550 2063 620 2126 suis
655 2064 748 2146 apud
778 2062 1032 2127 Franconofurt
1066 2063 1276 2147 colloquium

102 2148 226 2212 habuit
248 2151 426 2233 missisque
449 2151 595 2214 Romam
617 2151 749 2215 nuntiis
766 2150 983 2214 Hadrianum
1006 2152 1205 2235 pontificem
1227 2154 1275 2215 in·

102 2238 226 2301 vitavit
249 2239 286 2301 in
302 2239 493 2302 Franciam.
529 2238 650 2302 Voluit
673 2240 774 2315 enim,
798 2242 839 2302 ut
861 2239 957 2304 fama
979 2239 1154 2322 vulgabat,
1179 2260 1275 2322 quos-

103 2327 183 2390 dam
221 2327 397 2410 episcopos
435 2326 728 2391 inrationabiliter
766 2328 936 2410 deponere
971 2331 1006 2392 et
1041 2327 1275 2392 Bernhartum

103 2414 213 2477 filium
243 2435 344 2478 suum
373 2435 415 2478 ex
445 2415 637 2479 concubina
663 2416 846 2479 haeredem
869 2416 968 2498 regni
991 2420 1069 2499 post
1092 2436 1128 2480 se
1152 2417 1274 2479 consti·

101 2507 217 2580 tuere;
249 2507 285 2567 et
307 2505 382 2580 hoc,
408 2503 489 2586 quia
511 2524 573 2587 per
595 2524 631 2567 se
654 2523 752 2587 posse
776 2504 850 2567 fieri
874 2502 1056 2581 dubitavit,
1081 2524 1142 2588 per
1165 2505 1274 2588 ponti-

103 2591 202 2655 ficem
224 2592 419 2655 Romanum
449 2593 546 2675 quasi
576 2591 765 2675 apostolica
794 2592 1002 2656 auctoritate
1025 2593 1188 2676 perficere
1212 2594 1275 2656 dis-

103 2679 227 2762 posuit.
264 2679 369 2744 Ouius
389 2680 613 2745 fraudulenta
629 2680 773 2744 consilia
788 2679 853 2744 Dei
877 2684 967 2743 nutu
990 2681 1156 2764 dissipata
1179 2685 1273 2758 sunt;

102 2788 184 2831 nam
223 2768 379 2852 pontifex
412 2769 587 2832 Romanus
627 2768 669 2832 ab
700 2769 785 2833 urbe
820 2769 992 2851 digressus
1028 2773 1064 2834 91
1097 2770 1274 2834 Heridano

102 2855 244 2921 flumine
273 2857 442 2920 transito³
465 2858 572 2920 vitam
595 2861 811 2940 praesentem
839 2858 952 2921 finivit
975 2857 1198 2942 sepultusque
1223 2862 1275 2922 est

102 2945 139 3007 in
162 2945 370 3009 monasterio
393 2944 644 3010 Nonantulas.4.
692 2944 792 3024 Quod
822 2967 901 3010 cum
930 2947 1117 3031 imperator
1145 2967 1274 3030 compe-

101 3033 212 3109 risset,
244 3034 468 3097 contristatus
492 3038 545 3098 est
567 3034 678 3111 valde,
710 3054 750 3098 90
773 3037 865 3117 quod
892 3035 1016 3099 intuli
1038 3036 1179 3119 negotio
1202 3036 1274 3100 voti

103 3141 239 3204 compos
270 3121 362 3185 effici
392 3143 462 3185 non
492 3122 616 3206 potuit.
663 3122 746 3186 Post
775 3143 903 3207 paucos
930 3143 1010 3187 1910
1039 3124 1111 3188 dies
1134 3124 1274 3206 Mogon-

101 3210 232 3272 tiacum
255 3210 350 3273 191111
375 3213 410 3274 91
432 3211 514 3274 inde
538 3211 780 3288 Wormatiam;
805 3211 921 3294 ibique
947 3232 1025 3275 cum
1048 3213 1214 3295 episcopis
1239 3215 1274 3276 et

103 3298 285 3361 comitibus
309 3296 502 3363 Galliarum
525 3299 647 3363 habita
671 3298 899 3363 collocutione
923 3300 959 3362 in
983 3299 1179 3363 Baioariam
1200 3321 1273 3383 pro·

101 3385 215 3450 fectus
239 3390 292 3450 est
315 3386 431 3469 ibique
454 3387 608 3451 natalem
631 3387 772 3451 Domini
795 3387 1013 3452 caelebravit.
1284 3410 1378 3453 naara.

207 3475 355 3537 Romani
385 3476 556 3558 pontificis
587 3476 640 3539 sui
667 3479 776 3540 morte
801 3480 975 3560 comperta
999 3475 1213 3559 Stephanum
1235 3477 1273 3539 in

102 3562 217 3624 locum
240 3563 313 3626 eius
338 3564 603 3627 constituerunt.
641 3564 743 3628 Unde
766 3566 952 3648 imperator
974 3565 1092 3642 iratus,
1117 3565 1209 3647 quod
1233 3585 1273 3628 90

101 3650 296 3714 inconsulto
319 3647 453 3714 ullumd
475 3653 633 3716 ordinare
656 3656 968 3737 praesumpserunt,
992 3652 1087 3716 misit
1109 3653 1273 3716 Liutwar-

102 3840 125 3886 a)
138 3839 296 3889 ingratumque
307 3842 352 3883 001,
393 3841 416 3890 b)
430 3841 558 3884 hluthcod.
600 3843 620 3889 c)
635 3841 799 3884 aiunculocod.
840 3841 1274 3892 d)itacodex;leoencumnei11umrP.

101 3996 128 4063 1)
145 3995 192 4049 Ad
205 3996 338 4051 Gundulfi
356 3998 449 4052 villam
467 4001 578 4067 11901110.
632 3999 659 4066 2)
676 4001 778 4066 11991110
796 4016 854 4052 cum
872 4000 902 4052 in
919 4000 1084 4054 monasterio
1103 4000 1189 4055 sancti
1201 3998 1274 4055 Gelli

100 4071 220 4133 missum,
246 4068 310 4122 inde
327 4074 423 4138 postea
441 4070 470 4122 in
487 4070 605 4138 patriam
623 4077 779 4136 revocatum,
806 4069 951 4135 novissime
969 4071 1138 4140 temporibus
1155 4071 1273 4125 Zuendi-

100 4138 193 4190 belchi
210 4140 284 4206 regis
298 4139 328 4191 in
339 4139 453 4193 Prumia
465 4140 630 4194 monasterio
648 4158 732 4192 manu
749 4158 800 4194 900
818 4149 922 4194 tonsum
939 4159 992 4195 esse
1009 4146 1150 4196 memorium
1164 4145 1258 4210 prodit
1263 4161 1274 4206 ,-

99 4210 134 4273 cf.
154 4210 296 4262 Drimmler
314 4212 369 4277 III,
386 4229 415 4279 p.
434 4214 495 4267 241.
586 4212 613 4279 3)
630 4213 802 4278 Hadrianus,
818 4215 980 4280 priusquam
999 4214 1104 4265 Padum
1122 4216 1272 4280 ottinperet,

100 4287 161 4331 teste
178 4281 390 4350 Vita-Stephani
407 4299 489 4349 super
506 4281 620 4335 fluvium
639 4281 783 4335 Scultinna
801 4284 937 4349 (Panare)
962 4283 991 4334 in
1008 4283 1080 4351 villa,
1107 4300 1177 4351 quae
1194 4283 1273 4336 Viul·

99 4349 214 4402 zachara
242 4356 416 4420 nuncupatur
444 4354 486 4419 (S.
513 4354 642 4420 cesario),
672 4361 793 4406 1101111119
819 4361 871 4416 991)
902 4355 1043 4407 Dammlcr
1070 4355 1129 4422 III,
1155 4374 1184 4423 p.
1210 4357 1272 4410 246.

99 4421 359 4489 4)Ηο01101910
377 4424 494 4479 Metina.
522 4425 553 4479 P.
838 4423 840 4426 ⁴
