2978 4934
381 410 532 467 cONTIN.
549 411 752 469 RATISBON.
787 413 825 470 A.
842 415 905 470 895.
922 415 986 470 896.
1216 415 1267 468 12⁷

99 593 241 658 consilio
272 595 509 678 episcoporum
538 616 678 659 suorum
711 595 940 679 peticionibus
969 596 1040 658 suis
1069 595 1268 659 satisfacere

99 683 302 758 decreverit,
338 703 454 748 mense
485 683 648 749 Octobrio
681 686 724 748 de
754 684 901 746 Francia
930 686 966 748 et
995 683 1204 746 Alamannia
1232 684 1328 747 inca

99 771 205 834 Italia
227 772 398 855 promovit
421 773 619 836 exercitum.
653 771 864 836 Venientesl
878 773 1005 856 quippe
1027 771 1120 834 ultra
1135 771 1269 834 Padum
1279 795 1357 841 (na).

98 858 147 923 ibi
170 859 279 923 diviso
303 861 455 924 exercitu
477 859 689 924 Alamannos
716 880 778 943 per
800 859 1007 924 Bolonniam
1035 861 1080 924 ad
1102 859 1269 924 Florenti·

98 967 179 1010 nam
201 946 323 1012 urbem
344 948 395 1012 ire
417 949 589 1032 permisit;
620 950 693 1032 ipse
723 969 802 1012 cum
824 949 966 1011 lbancis
995 968 1056 1031 per
1078 948 1269 1031 superiores

98 1039 213 1119 partes
243 1036 407 1120 Alpium²
437 1040 584 1114 curtem,
620 1057 707 1120 quae
742 1037 870 1100 dicitur
899 1036 1045 1112 l²urris³¹
1081 1037 1130 1100 sic
1161 1056 1269 1119 usque

100 1123 275 1189 civitatem
303 1125 460 1188 Lunam4
494 1126 723 1209 progreditur.
773 1124 830 1189 Ibi
862 1125 981 1189 natale
1010 1124 1151 1188 Domini
1186 1124 1269 1188 cele
1279 1150 1374 1191 nass.

100 1212 222 1276 bravit.

644 1349 721 1419 896.

205 1458 453 1524 DOOOXOVI.
515 1460 629 1542 Igitur
671 1465 812 1544 propter
848 1461 991 1523 nimiam
1027 1463 1269 1544 tempestatem

101 1548 187 1611 aeris
211 1551 246 1611 et
268 1549 531 1612 immoderatam
553 1549 756 1613 effusionem
779 1549 938 1612 imbrium
964 1552 1000 1612 et
1021 1548 1115 1612 ultra
1130 1549 1270 1612 modum

100 1636 384 1700 inundationibus
413 1657 580 1719 aquarum
609 1638 720 1701 omnis
750 1639 918 1701 exercitus
945 1656 1007 1721 per
1034 1637 1156 1701 divexa
1178 1657 1269 1700 mon·

101 1724 191 1786 cium
224 1726 402 1788 cacumina
435 1726 594 1809 impediti
628 1729 723 1802 sunt,
758 1727 885 1809 passim
920 1725 1065 1790 errando
1100 1724 1269 1789 laboriose

100 1816 340 1896 pervagatus&
386 1814 488 1877 Unde
516 1815 621 1878 etiam
647 1814 797 1877 maxima
819 1813 1022 1897 pestilencia
1045 1833 1211 1896 equorum
1234 1817 1270 1876 et

101 1900 177 1982 plus
206 1900 348 1964 solitum
376 1905 517 1986 propter
546 1902 791 1966 difficultatem
818 1901 952 1967 itineris
976 1903 1194 1984 aggravando
1218 1922 1269 1966 ex·

101 1989 217 2064 crevit,
247 1990 299 2052 ita
320 2010 409 2066 vero,
440 1993 482 2053 ut
509 1993 604 2055 totus
628 2011 715 2074 pene
739 1991 908 2054 exercitus
931 1989 1146 2073 supellectile
1169 2010 1270 2052 suum

100 2078 301 2142 inconsueto
324 2099 418 2142 more
441 2099 502 2162 per
517 2079 657 2142 sellatos
673 2099 766 2143 more
782 2080 938 2162 equitum
953 2080 1056 2143 boves
1071 2078 1268 2142 trahebant.

100 2165 156 2228 Ad
189 2166 254 2231 hec
288 2167 428 2230 interim
465 2167 577 2230 malus
614 2188 731 2230 rumor
763 2187 880 2249 regem
914 2187 1049 2231 necnon
1082 2166 1269 2230 exercitum

101 2255 297 2330 commovit,
330 2255 555 2339 Perngarium
591 2256 723 2319 scilicet
756 2259 918 2338 nepotem
948 2255 1020 2319 eius
1051 2275 1072 2318 a
1100 2252 1269 2318 fidelitate

101 2362 164 2405 sua
187 2342 351 2407 defecisse
375 2347 410 2406 et
432 2345 470 2406 in
493 2344 635 2407 Italiam
663 2345 734 2407 iam
762 2365 824 2428 pro
853 2344 919 2406 hoc
949 2362 1122 2406 reversum
1150 2341 1267 2418 fuisse,

101 2429 339 2513 Adalpertum,
369 2431 532 2496 videlieet
560 2433 797 2495 marchensem
826 2432 979 2507 Tusciae,
1009 2431 1138 2493 mutuis
1169 2430 1269 2494 collo

101 2518 189 2600 quiis
212 2519 391 2602 Perngarii
415 2513 732 2596 <adductum>b·⁵‚
762 2540 806 2584 ne
837 2520 953 2602 aliquo
982 2519 1084 2582 modo
1112 2519 1157 2582 ad
1179 2520 1269 2601 regis

100 2606 304 2671 fidelitatem
327 2608 534 2672 intenderet.

206 2695 272 2759 His
303 2700 338 2761 et
366 2697 497 2760 talibus
529 2698 657 2760 auditis
690 2718 751 2761 rex
784 2697 881 2779 gravi
914 2695 1073 2760 molestia
1106 2698 1269 2779 totusque

101 2784 269 2847 exercitus
298 2786 447 2847 maxima
475 2787 650 2849 anxietate
680 2789 716 2848 et
746 2786 891 2869 penuria
919 2787 1168 2868 preoccupatus
1196 2787 1269 2846 tan-

101 2873 179 2935 dem
201 2872 323 2936 urbem
345 2873 490 2936 Romam
514 2875 738 2938 advenerunt.
786 2873 895 2957 Super
918 2874 983 2937 hec
1006 2873 1121 2937 omnia
1142 2893 1368 2943 novumrresra

100 2979 208 3042 genus
243 2962 427 3024 anxietatis
463 2963 627 3026 exercitui
661 2963 820 3026 ocem-rit.
877 2961 969 3025 Nam
1002 2961 1269 3025 adventantibus

100 3048 171 3111 illis
191 3048 400 3131 Ageldrudis
422 3051 528 3114 vidua
542 3051 702 3114 Widonis
725 3055 841 3135 portas
864 3051 902 3112 in
926 3051 1072 3114 circuitu
1094 3070 1270 3113 murorum

99 3156 217 3200 omnes
240 3139 403 3202 serrando
418 3140 669 3222 preoccupavit,
694 3143 735 3202 ut
750 3139 907 3202 omnibus
923 3139 1052 3222 pariter
1070 3138 1115 3201 ad
1131 3137 1270 3200 domum

99 3226 212 3288 sancti
233 3225 329 3289 Petri
351 3227 513 3290 introitus
538 3229 776 3309 denegaretur.
815 3226 915 3304 Quod
937 3246 997 3289 rex
1019 3224 1162 3288 moleste
1186 3226 1269 3288 aeci-

99 3313 197 3396 piens
219 3314 257 3376 in
280 3334 460 3378 commune
485 3315 666 3379 consilium
689 3336 768 3379 cum
791 3316 884 3377 omni
912 3315 1065 3378 exercitu
1094 3314 1138 3377 ad
1166 3312 1270 3376 eccle

100 3401 186 3464 siam
208 3400 303 3466 beati
317 3403 518 3467 Pancracii⁶
541 3404 711 3467 convenit.
749 3404 833 3467 Post
856 3402 1074 3466 solemnitate
1089 3400 1270 3463 missarum

100 3488 275 3553 celebrata
296 3511 357 3554 rex
380 3492 568 3555 exercitum
583 3492 794 3556 unanimiter
809 3490 1045 3572 interrogavit,
1069 3489 1153 3570 quid
1174 3488 1269 3552 facto

99 3598 185 3661 opus
209 3579 264 3642 sit.
312 3578 531 3644 Conveniunt
560 3600 687 3656 omnes,
719 3600 797 3643 cum
826 3578 976 3642 lacrimis
1006 3578 1110 3641 fidem
1132 3577 1269 3660 promit·

98 3668 224 3742 tentes,
255 3667 505 3732 confessionem
536 3689 650 3732 coram
679 3667 914 3732 sacerdotibus
943 3664 1081 3750 puplice
1111 3668 1267 3748 agentem

99 3754 232 3818 indicto
261 3756 365 3819 unius
394 3757 464 3820 diei
492 3757 621 3820 ieiunio
645 3756 737 3820 bello
760 3756 881 3819 urbem
904 3774 1100 3839 expugnare
1122 3755 1160 3816 in
1183 3774 1269 3817 com-

99 3862 203 3905 mune
227 3842 456 3907 acclamatum
479 3849 541 3909 est.

99 4015 275 4062 :maganutus
289 4016 308 4058 3.
362 4015 386 4062 b)
399 4016 456 4055 deest
469 4017 492 4054 in
506 4017 620 4065 codicibus,
635 4029 650 4055 a
663 4018 725 4056 nobie
737 4017 864 4066 suppletum.

101 4154 128 4220 1)
145 4155 197 4206 Per
214 4155 330 4223 Papiam
348 4163 372 4208 ei
390 4157 562 4212 Placentiam.
651 4158 679 4224 2)
696 4160 834 4226 Apennini
850 4159 955 4211 mano.
1042 4155 1070 4222 3)
1089 4156 1174 4208 Terre
1187 4171 1270 4223 prope

100 4227 215 4280 Bercato,
278 4227 307 4294 4)
323 4228 399 4278 Dani
412 4244 496 4295 prope
509 4229 677 4291 Camarum
694 4230 729 4294 of.
748 4229 889 4281 Dimmier
906 4228 962 4294 ΙΙΙ,
979 4245 1007 4294 p.
1019 4228 1082 4281 416.
1144 4228 1172 4292 5)
1188 4227 1270 4278 Eius-

100 4298 173 4348 modi
189 4298 295 4349 verlmm
312 4299 489 4366 suppleridnm
506 4315 559 4351 esse
576 4302 632 4351 iam
650 4300 791 4351 lichaonis
810 4302 840 4350 in
858 4301 975 4351 versiam
993 4298 1128 4349 thiudisca
1144 4299 1269 4364 raynerii.

101 4367 128 4433 6)
145 4368 214 4419 Ante
229 4375 337 4436 portam
355 4369 384 4422 S.
403 4370 546 4421 Pancratii
563 4376 641 4422 trans
662 4371 779 4422 Tiberim
796 4372 850 4421 sita
867 4376 912 4424 eci.
940 4369 971 4424 P.
1346 4376 1349 4380 ’
