2978 4934
164 476 245 553 roo
469 471 558 529 ann.
577 471 688 529 nnn.
707 471 806 527 rans
825 471 880 530 m
916 472 953 532 a
971 475 1033 530 sar.

163 676 280 742 preces
311 675 492 721 conversae
516 655 662 719 orabant
685 654 882 732 Dominum,
913 658 954 718 ut
985 656 1232 722 contumeliam
1261 657 1335 722 loco

162 749 282 810 sancto
312 744 448 809 illatam
476 744 685 820 vindicaret3
722 763 867 826 quarum
896 762 1012 827 preces
1042 743 1123 808 ilico
1153 745 1335 810 exauditae

163 838 254 898 sunt.
307 832 398 897 Nam
427 833 472 910 is,
504 833 564 915 qui
592 831 745 917 puellam
775 832 953 914 coniugii⁸
985 852 1080 896 more
1110 832 1177 898 sibi
1208 833 1334 897 sociare

163 922 342 1005 disposuit,
368 921 489 985 eadem
503 924 606 984 nocte
622 919 688 984 Dei
703 919 832 984 iudicio
847 920 992 997 interiit,
1016 924 1052 984 et
1075 920 1194 1004 puella
1209 923 1335 986 mansit

162 1011 305 1074 intacta.
353 1008 454 1088 Quod
478 1010 616 1073 cuidam
638 1008 893 1072 sanctimoniali
916 1009 1054 1072 nomine
1079 1053 1087 1068 .
1111 1055 1120 1070 .
1145 1055 1154 1072 .
1179 1028 1199 1075 e
1222 1030 1335 1094 supra·

163 1099 256 1163 dioto
286 1098 496 1162 monasterio
525 1096 717 1161 revelatum
747 1100 809 1174 est,
842 1101 878 1161 et
903 1096 967 1160 illa
990 1097 1134 1162 caeteris
1156 1098 1335 1162 indicavit.

271 1186 358 1252 Oum
386 1190 504 1250 autem
526 1189 735 1249 memoratus
757 1185 928 1248 Liutwart
959 1184 1047 1249 talia
1075 1187 1112 1248 in
1140 1205 1249 1270 regno
1279 1188 1336 1250 im·

122 1328 125 1336 .
163 1277 330 1361 peratoris
365 1295 426 1359 per
457 1274 573 1358 plures
610 1293 719 1337 annos
755 1273 931 1351 actitaret,
968 1274 1111 1339 tandem
1149 1275 1337 1340 cenodoxia

162 1365 303 1429 inflatus
341 1367 377 1428 et
410 1361 614 1446 philargiria
644 1365 804 1425 caecatus
834 1362 938 1426 fidem
968 1362 1175 1427 catholicam
1205 1383 1336 1446 perver-

162 1456 236 1518 tere
271 1455 305 1516 et
339 1442 574 1535 redemptorib
612 1454 730 1514 nostro
766 1451 946 1515 detrahere
980 1449 1178 1528 laborabat,
1219 1452 1336 1516 dicens

163 1561 242 1605 eum
272 1560 381 1603 unum
410 1559 483 1604 esse
512 1539 649 1602 unitate
679 1539 910 1616 substantiae,
945 1559 1016 1602 non
1045 1559 1226 1622 personae,
1260 1560 1336 1604 oum

163 1632 284 1692 sancta
314 1627 480 1692 aecclesia
509 1627 628 1691 credat
650 1630 686 1692 et
710 1628 916 1692 confiteatur
939 1647 1018 1691 eum
1041 1628 1078 1690 in
1101 1628 1238 1692 duabus
1261 1628 1336 1692 sub·

164 1717 302 1780 stantiis
331 1737 438 1780 unam
466 1715 594 1780 habere
624 1735 815 1799 personam.
868 1713 969 1793 Quod
999 1716 1206 1799 quicumque
1236 1736 1336 1800 nega·

17 1836 72 1878 na.
80 1836 113 1885 19,
122 1835 154 1878 ιο,
163 1805 271 1882 verit,
286 1805 442 1888 profecto
464 1799 696 1887 blas‘phemat
715 1824 803 1880 eum,
828 1805 887 1886 qui
910 1804 1005 1868 venit
1029 1824 1191 1887 quaerere
1214 1809 1251 1869 et
1274 1805 1416 1879 sal-*aru

163 1914 253 1970 vare,
279 1895 371 1976 quod
386 1893 549 1976 perierat:
573 1893 641 1956 nisi
658 1893 750 1956 enim
766 1896 855 1956 esset
871 1911 970 1956 verus
987 1891 1092 1968 Deus,
1108 1913 1180 1956 non
1196 1893 1335 1958 afferret

162 1982 367 2058 remedium,
392 1981 459 2044 nisi
475 1984 564 2045 esset
579 1982 683 2045 homo
698 2000 808 2056 verus,
832 2001 903 2044 non
926 1980 1107 2064 praeberet
1130 1982 1334 2066 exemplum.

164 2070 233 2136 Sed
256 2071 349 2134 idem
370 2089 430 2134 rex
452 2088 574 2152 regum
603 2071 669 2132 hoo
693 2088 784 2132 anno
815 2068 1001 2133 concitavit
1032 2070 1163 2134 animos
1193 2071 1335 2154 impera-

162 2160 247 2224 toris
271 2160 308 2222 in
332 2159 587 2241 blasphemum;
612 2158 671 2239 qui
694 2157 816 2221 habita
839 2176 915 2219 cum
941 2158 1011 2220 suis
1035 2157 1276 2222 conlocutione
1298 2160 1335 2222 in

80 2248 249 2325 (run.).looo,
274 2248 334 2332 qui
348 2250 491 2312 vocatur
507 2243 735 2322 Kirihheim1,
760 2265 839 2309 eum
855 2246 1023 2329 deposuit,
1048 2265 1092 2309 ne
1116 2250 1206 2310 esset
1228 2247 1335 2311 archi-

165 2337 397 2420 cappellanus,
428 2333 616 2416 multisque
644 2334 819 2398 beneficiis
847 2333 891 2398 ab
915 2353 955 2398 eo
979 2333 1125 2398 sublatis
1148 2338 1190 2399 ut
1212 2336 1336 2400 hereti·

164 2430 261 2488 cumc
290 2428 326 2489 et
349 2423 509 2488 omnibus
539 2424 695 2486 odiosum
725 2443 804 2486 cum
834 2416 1021 2486 dedeoore‘1
1055 2423 1098 2486 de
1128 2422 1260 2506 palatio
1284 2444 1336 2488 ex-

163 2513 264 2596 pulit.

270 2603 318 2665 At
341 2600 402 2665 ille
424 2601 462 2663 in
478 2599 673 2664 Baioariam
692 2600 737 2662 ad
753 2598 958 2662 Arnolfume
979 2619 1015 2664 se
1032 2599 1182 2664 contulit
1198 2603 1234 2665 et
1258 2620 1336 2664 oum

163 2709 203 2754 eo
227 2689 419 2753 machinari
442 2689 587 2765 studuit,
612 2688 760 2770 qualiter
783 2688 1026 2770 imperatorem
1044 2707 1152 2771 regno
1168 2690 1333 2772 privaret3

164 2778 256 2860 quod
286 2781 321 2841 et
349 2777 485 2841 factum
509 2780 571 2841 est.
617 2776 709 2840 Nam
739 2796 818 2839 cum
846 2777 939 2840 idem
968 2776 1155 2860 imperator
1183 2777 1222 2840 in
1251 2777 1337 2841 villa

72 2865 307 2937 (rav.).Tribure
337 2865 556 2941 consedisset,
588 2884 728 2928 suorum
757 2865 910 2947 undique
933 2865 1113 2949 opperiens
1136 2867 1333 2942 adventurn,

163 2952 330 3016 Arnolfus
354 2972 433 3016 oum
455 2973 560 3015 manu
583 2952 698 3017 valida
713 2953 919 3016 Noricorum
942 2956 977 3017 et
998 2952 1200 3017 Sclavorum
1222 2974 1335 3038 super·

162 3041 258 3105 venit
281 3044 317 3105 et
340 3041 372 3104 ei
395 3040 560 3104 molestus
584 3040 745 3105 efficitur.
783 3040 874 3106 Nam
897 3061 1014 3105 omnes
1030 3043 1215 3125 optimates
1231 3042 1335 3107 Fran-

163 3150 290 3207 corum,
321 3129 381 3212 qui
411 3132 532 3193 contra
560 3130 802 3213 imperatorem
830 3130 1118 3213 conspiraverant,
1150 3131 1196 3194 ad
1222 3150 1259 3195 se
1282 3151 1334 3195 ve·

161 3219 297 3282 nientes
320 3219 358 3281 in
380 3238 481 3282 suum
504 3219 655 3301 suscepit
678 3218 884 3296 dominium;
912 3219 1029 3282 venire
1052 3218 1211 3283 nolentes
1236 3219 1335 3284 bene-

162 3306 248 3371 ficiis
278 3307 426 3391 privavit
456 3306 633 3389 nichilque
662 3307 862 3389 imperatori
890 3307 957 3370 nisi
985 3306 1166 3371 vilissimas
1197 3308 1243 3372 ad
1270 3328 1335 3372 ser·

161 3397 326 3460 siendum
354 3395 496 3478 reliquit
518 3415 690 3478 personas.
738 3393 803 3458 Oui
825 3395 1012 3478 imperator
1035 3395 1168 3478 lignum
1193 3400 1335 3461 sanctae

162 3486 281 3562 crucis,
310 3486 348 3548 in
371 3504 439 3568 quo
463 3484 557 3568 prius
581 3484 612 3547 ei
636 3483 739 3547 fidem
762 3502 798 3547 se
822 3487 1038 3547 servaturum
1059 3485 1244 3561 iuraverat,
1274 3505 1336 3569 per

161 3573 382 3638 Liutbertum
412 3573 707 3656 archiepiscopum
737 3571 938 3648 destinavit,
970 3575 1011 3635 ut
1041 3576 1334 3637 sacramentorum

161 3682 300 3726 suorum
322 3683 394 3725 non
416 3663 596 3725 immernor
617 3663 691 3724 tam
713 3660 876 3724 ferociter
899 3663 934 3724 et
957 3659 1102 3724 barbare
1118 3664 1240 3724 contra
1256 3682 1335 3726 eum

160 3771 230 3813 non
252 3750 393 3814 faceret.
442 3749 517 3828 Quo
540 3751 612 3813 viso
636 3749 795 3813 lacrimas
817 3749 949 3812 fudisse
972 3747 1190 3832 perhibetur;
1215 3752 1334 3814 tamen

161 3838 336 3920 disposito,
361 3841 464 3920 prout
488 3837 608 3913 voluit,
632 3858 739 3921 regno
762 3839 799 3900 in
823 3836 1019 3900 Baioariam
1041 3856 1077 3900 se
1099 3837 1247 3920 recepit;
1276 3838 1335 3901 im·

159 3929 298 4009 perator
320 3945 400 3989 vero
425 3945 503 3989 cum
525 3927 653 4009 paucis,
678 3927 737 4009 qui
761 3946 877 3990 secum
900 3929 1008 4002 erant,
1033 3925 1070 3988 in
1088 3924 1336 3991 alamanniam

159 4014 346 4097 repedavit.

159 4187 181 4276 p)
196 4185 286 4276 conipgi
300 4185 346 4227 cod.
399 4185 423 4234 b)
437 4183 584 4235 redemptiori
597 4186 643 4229 eod.
697 4187 719 4235 c)
732 4186 878 4226 heretioioum
893 4187 939 4229 cod.
993 4184 1016 4234 d)
1031 4184 1113 4225 decore
1127 4187 1175 4230 cod.
1222 4186 1245 4237 c)
1258 4187 1335 4226 arnul·

171 4249 207 4276 um
221 4250 266 4281 oo.

160 4361 186 4429 1)
203 4362 323 4413 Kircben
341 4363 370 4413 in
388 4363 485 4414 dextro
502 4365 567 4430 ripe
584 4363 674 4414 Rheni
689 4364 768 4426 infra
782 4363 936 4426 Basileam,·
954 4365 986 4415 de
1003 4363 1163 4430 depositione
1174 4362 1335 4415 Liutwardi

157 4433 193 4496 cf.
212 4433 352 4485 Dzimmler
369 4432 425 4500 III,
447 4450 476 4501 p.
494 4435 643 4488 280-284.
