<?xml version="1.0" encoding="UTF-8"?>
<!DOCTYPE html PUBLIC "-//W3C//DTD XHTML 1.0 Transitional//EN"
    "http://www.w3.org/TR/xhtml1/DTD/xhtml1-transitional.dtd">
<html xmlns="http://www.w3.org/1999/xhtml" xml:lang="en" lang="en">
 <head>
  <title>
</title>
<meta http-equiv="Content-Type" content="text/html;charset=utf-8" />
  <meta name='ocr-system' content='tesseract 3.04.00' />
  <meta name='ocr-capabilities' content='ocr_page ocr_carea ocr_par ocr_line ocrx_word'/>
</head>
<body>
  <div class='ocr_page' id='page_1' title='image "./annalesfuldense00pertgoog_0081.png"; bbox 0 0 2978 4934; ppageno 0'>
   <div class='ocr_carea' id='block_1_1' title="bbox 165 420 1075 490">
    <p class='ocr_par' dir='ltr' id='par_1_1' title="bbox 165 420 1075 490">
     <span class='ocr_line' id='line_1_1' title="bbox 165 420 1075 490; baseline -0.003 -11"><span class='ocrx_word' id='word_1_1' title='bbox 165 425 201 479; x_wconf 82' lang='lat'>58</span> <span class='ocrx_word' id='word_1_2' title='bbox 432 421 521 477; x_wconf 82' lang='lat' dir='ltr'><strong>ANN.</strong></span> <span class='ocrx_word' id='word_1_3' title='bbox 539 421 649 477; x_wconf 80' lang='lat' dir='ltr'><strong>FULD.</strong></span> <span class='ocrx_word' id='word_1_4' title='bbox 668 420 767 475; x_wconf 86' lang='lat' dir='ltr'>PARS</span> <span class='ocrx_word' id='word_1_5' title='bbox 785 420 824 476; x_wconf 92' lang='lat' dir='ltr'>H.</span> <span class='ocrx_word' id='word_1_6' title='bbox 845 420 1075 490; x_wconf 80' lang='lat' dir='ltr'>(FULDENSIS)</span> 
     </span>
    </p>
   </div>
   <div class='ocr_carea' id='block_1_2' title="bbox 21 599 1341 2313">
    <p class='ocr_par' dir='ltr' id='par_1_2' title="bbox 165 599 1340 1021">
     <span class='ocr_line' id='line_1_2' title="bbox 166 599 1340 690; baseline 0.003 -23"><span class='ocrx_word' id='word_1_7' title='bbox 166 607 202 668; x_wconf 90' lang='lat' dir='ltr'>et</span> <span class='ocrx_word' id='word_1_8' title='bbox 238 604 507 668; x_wconf 67' lang='lat' dir='ltr'>assertionibusa</span> <span class='ocrx_word' id='word_1_9' title='bbox 545 604 680 667; x_wconf 89' lang='lat' dir='ltr'>firmare</span> <span class='ocrx_word' id='word_1_10' title='bbox 716 599 919 667; x_wconf 89' lang='lat' dir='ltr'>conantur*.</span> <span class='ocrx_word' id='word_1_11' title='bbox 980 599 1190 688; x_wconf 83' lang='lat' dir='ltr'>Proptereab</span> <span class='ocrx_word' id='word_1_12' title='bbox 1230 609 1340 690; x_wconf 84' lang='lat' dir='ltr'>partis</span> 
     </span>
     <span class='ocr_line' id='line_1_3' title="bbox 165 692 1340 776; baseline 0.004 -21"><span class='ocrx_word' id='word_1_13' title='bbox 165 694 345 774; x_wconf 90' lang='lat' dir='ltr'>utriusque</span> <span class='ocrx_word' id='word_1_14' title='bbox 369 693 573 776; x_wconf 89' lang='lat' dir='ltr'>scriptorum</span> <span class='ocrx_word' id='word_1_15' title='bbox 597 693 718 756; x_wconf 88' lang='lat' dir='ltr'>seriem</span> <span class='ocrx_word' id='word_1_16' title='bbox 741 693 795 755; x_wconf 90' lang='lat' dir='ltr'>his</span> <span class='ocrx_word' id='word_1_17' title='bbox 820 692 1001 756; x_wconf 82' lang='lat' dir='ltr'>annalibus</span> <span class='ocrx_word' id='word_1_18' title='bbox 1025 693 1244 758; x_wconf 83' lang='lat' dir='ltr'>inserendam</span> <span class='ocrx_word' id='word_1_19' title='bbox 1266 716 1340 760; x_wconf 89' lang='lat' dir='ltr'>esse</span> 
     </span>
     <span class='ocr_line' id='line_1_4' title="bbox 165 780 1340 857; baseline 0.004 -14"><span class='ocrx_word' id='word_1_20' title='bbox 165 782 325 857; x_wconf 85' lang='lat' dir='ltr'>iudicavi,</span> <span class='ocrx_word' id='word_1_21' title='bbox 358 782 636 845; x_wconf 80' lang='lat' dir='ltr'>discernendam⁰</span> <span class='ocrx_word' id='word_1_22' title='bbox 671 781 721 844; x_wconf 91' lang='lat' dir='ltr'>rei</span> <span class='ocrx_word' id='word_1_23' title='bbox 750 782 932 844; x_wconf 88' lang='lat' dir='ltr'>veritatem</span> <span class='ocrx_word' id='word_1_24' title='bbox 955 780 1092 845; x_wconf 90' lang='lat' dir='ltr'>lectoris</span> <span class='ocrx_word' id='word_1_25' title='bbox 1117 783 1260 847; x_wconf 89' lang='lat' dir='ltr'>arbitrio</span> <span class='ocrx_word' id='word_1_26' title='bbox 1285 785 1340 848; x_wconf 80' lang='lat' dir='ltr'>de</span> 
     </span>
     <span class='ocr_line' id='line_1_5' title="bbox 165 869 1339 952; baseline 0.003 -21"><span class='ocrx_word' id='word_1_27' title='bbox 165 869 373 951; x_wconf 90' lang='lat' dir='ltr'>relinquens.</span> <span class='ocrx_word' id='word_1_28' title='bbox 419 869 465 932; x_wconf 81' lang='lat' dir='ltr'>Et</span> <span class='ocrx_word' id='word_1_29' title='bbox 488 871 574 932; x_wconf 90' lang='lat' dir='ltr'>haec</span> <span class='ocrx_word' id='word_1_30' title='bbox 597 869 735 951; x_wconf 91' lang='lat' dir='ltr'>quidem</span> <span class='ocrx_word' id='word_1_31' title='bbox 758 874 839 932; x_wconf 88' lang='lat' dir='ltr'>sunt</span> <span class='ocrx_word' id='word_1_32' title='bbox 863 869 1071 952; x_wconf 88' lang='lat' dir='ltr'>apostolicae</span> <span class='ocrx_word' id='word_1_33' title='bbox 1092 872 1181 934; x_wconf 90' lang='lat' dir='ltr'>sedis</span> <span class='ocrx_word' id='word_1_34' title='bbox 1199 872 1339 936; x_wconf 91' lang='lat' dir='ltr'>decreta</span> 
     </span>
     <span class='ocr_line' id='line_1_6' title="bbox 167 957 372 1021; baseline -0.005 0"><span class='ocrx_word' id='word_1_35' title='bbox 167 957 372 1021; x_wconf 89' lang='lat' dir='ltr'>sinodalia¹:</span> 
     </span>
    </p>

    <p class='ocr_par' dir='ltr' id='par_1_3' title="bbox 165 1039 1341 2170">
     <span class='ocr_line' id='line_1_7' title="bbox 273 1039 1339 1096; baseline 0.005 -5"><span class='ocrx_word' id='word_1_36' title='bbox 273 1040 411 1093; x_wconf 78' lang='lat' dir='ltr'>‘Nicolaus</span> <span class='ocrx_word' id='word_1_37' title='bbox 429 1056 521 1094; x_wconf 88' lang='lat' dir='ltr'>servus</span> <span class='ocrx_word' id='word_1_38' title='bbox 541 1057 682 1094; x_wconf 87' lang='lat' dir='ltr'>servorum</span> <span class='ocrx_word' id='word_1_39' title='bbox 695 1039 747 1093; x_wconf 91' lang='lat' dir='ltr'>Dei</span> <span class='ocrx_word' id='word_1_40' title='bbox 765 1040 989 1093; x_wconf 79' lang='lat' dir='ltr'>reverentissimis</span> <span class='ocrx_word' id='word_1_41' title='bbox 1008 1044 1037 1094; x_wconf 91' lang='lat' dir='ltr'>et</span> <span class='ocrx_word' id='word_1_42' title='bbox 1054 1041 1230 1096; x_wconf 81' lang='lat' dir='ltr'>sanctissimis</span> <span class='ocrx_word' id='word_1_43' title='bbox 1248 1043 1339 1096; x_wconf 73' lang='lat' dir='ltr'>fratri</span> 
     </span>
     <span class='ocr_line' id='line_1_8' title="bbox 165 1110 1339 1180; baseline 0.003 -16"><span class='ocrx_word' id='word_1_44' title='bbox 165 1112 217 1164; x_wconf 93' lang='lat' dir='ltr'>bus</span> <span class='ocrx_word' id='word_1_45' title='bbox 239 1112 347 1178; x_wconf 89' lang='lat' dir='ltr'>nostris,</span> <span class='ocrx_word' id='word_1_46' title='bbox 373 1111 582 1179; x_wconf 83' lang='lat' dir='ltr'>archiepiscopis</span> <span class='ocrx_word' id='word_1_47' title='bbox 606 1112 635 1163; x_wconf 93' lang='lat' dir='ltr'>in</span> <span class='ocrx_word' id='word_1_48' title='bbox 653 1127 739 1178; x_wconf 86' lang='lat' dir='ltr'>regno</span> <span class='ocrx_word' id='word_1_49' title='bbox 757 1110 916 1163; x_wconf 91' lang='lat' dir='ltr'>Hluduwici</span> <span class='ocrx_word' id='word_1_50' title='bbox 934 1111 1006 1180; x_wconf 87' lang='lat' dir='ltr'>regis</span> <span class='ocrx_word' id='word_1_51' title='bbox 1026 1111 1156 1165; x_wconf 83' lang='lat' dir='ltr'>Germani</span> <span class='ocrx_word' id='word_1_52' title='bbox 1175 1115 1339 1170; x_wconf 86' lang='lat' dir='ltr'>constitutis.</span> 
     </span>
     <span class='ocr_line' id='line_1_9' title="bbox 166 1181 1337 1250; baseline 0.003 -16"><span class='ocrx_word' id='word_1_53' title='bbox 166 1181 270 1249; x_wconf 84' lang='lat' dir='ltr'>Scelus,</span> <span class='ocrx_word' id='word_1_54' title='bbox 290 1181 364 1249; x_wconf 92' lang='lat' dir='ltr'>quod</span> <span class='ocrx_word' id='word_1_55' title='bbox 381 1181 544 1234; x_wconf 91' lang='lat' dir='ltr'>Hlutharius</span> <span class='ocrx_word' id='word_1_56' title='bbox 562 1199 619 1249; x_wconf 85' lang='lat' dir='ltr'>rex,</span> <span class='ocrx_word' id='word_1_57' title='bbox 639 1181 661 1234; x_wconf 91' lang='lat' dir='ltr'>si</span> <span class='ocrx_word' id='word_1_58' title='bbox 680 1185 772 1234; x_wconf 87' lang='lat' dir='ltr'>tamen</span> <span class='ocrx_word' id='word_1_59' title='bbox 790 1199 839 1234; x_wconf 87' lang='lat' dir='ltr'>rex</span> <span class='ocrx_word' id='word_1_60' title='bbox 856 1183 991 1235; x_wconf 86' lang='lat' dir='ltr'>veraciter</span> <span class='ocrx_word' id='word_1_61' title='bbox 1010 1183 1063 1235; x_wconf 91' lang='lat' dir='ltr'>dici</span> <span class='ocrx_word' id='word_1_62' title='bbox 1081 1184 1174 1250; x_wconf 85' lang='lat' dir='ltr'>possit,</span> <span class='ocrx_word' id='word_1_63' title='bbox 1197 1185 1245 1250; x_wconf 94' lang='lat' dir='ltr'>qui</span> <span class='ocrx_word' id='word_1_64' title='bbox 1263 1185 1337 1237; x_wconf 93' lang='lat' dir='ltr'>nullo</span> 
     </span>
     <span class='ocr_line' id='line_1_10' title="bbox 166 1251 1337 1324; baseline 0.003 -19"><span class='ocrx_word' id='word_1_65' title='bbox 166 1253 268 1305; x_wconf 84' lang='lat' dir='ltr'>salubri</span> <span class='ocrx_word' id='word_1_66' title='bbox 286 1253 419 1322; x_wconf 90' lang='lat' dir='ltr'>regimine</span> <span class='ocrx_word' id='word_1_67' title='bbox 438 1253 559 1320; x_wconf 90' lang='lat' dir='ltr'>corporis</span> <span class='ocrx_word' id='word_1_68' title='bbox 578 1252 714 1320; x_wconf 90' lang='lat' dir='ltr'>appetitus</span> <span class='ocrx_word' id='word_1_69' title='bbox 733 1251 861 1318; x_wconf 88' lang='lat' dir='ltr'>refrenat,</span> <span class='ocrx_word' id='word_1_70' title='bbox 881 1252 929 1305; x_wconf 90' lang='lat' dir='ltr'>sed</span> <span class='ocrx_word' id='word_1_71' title='bbox 941 1253 1046 1306; x_wconf 93' lang='lat' dir='ltr'>lubrica</span> <span class='ocrx_word' id='word_1_72' title='bbox 1059 1254 1238 1308; x_wconf 90' lang='lat' dir='ltr'>enervacione</span> <span class='ocrx_word' id='word_1_73' title='bbox 1250 1256 1337 1324; x_wconf 85' lang='lat' dir='ltr'>magis</span> 
     </span>
     <span class='ocr_line' id='line_1_11' title="bbox 165 1321 1341 1393; baseline 0.001 -17"><span class='ocrx_word' id='word_1_74' title='bbox 165 1324 249 1390; x_wconf 91' lang='lat' dir='ltr'>ipsius</span> <span class='ocrx_word' id='word_1_75' title='bbox 273 1321 374 1376; x_wconf 88' lang='lat' dir='ltr'>illicitis</span> <span class='ocrx_word' id='word_1_76' title='bbox 398 1324 518 1377; x_wconf 87' lang='lat' dir='ltr'>motibus</span> <span class='ocrx_word' id='word_1_77' title='bbox 544 1322 624 1390; x_wconf 90' lang='lat' dir='ltr'>cedit,</span> <span class='ocrx_word' id='word_1_78' title='bbox 649 1323 679 1376; x_wconf 89' lang='lat' dir='ltr'>in</span> <span class='ocrx_word' id='word_1_79' title='bbox 704 1323 808 1376; x_wconf 90' lang='lat' dir='ltr'>duabus</span> <span class='ocrx_word' id='word_1_80' title='bbox 834 1322 950 1389; x_wconf 89' lang='lat' dir='ltr'>feminis,</span> <span class='ocrx_word' id='word_1_81' title='bbox 970 1323 1166 1393; x_wconf 79' lang='lat' dir='ltr'>Theutpergad</span> <span class='ocrx_word' id='word_1_82' title='bbox 1189 1326 1293 1379; x_wconf 89' lang='lat' dir='ltr'>scilicet</span> <span class='ocrx_word' id='word_1_83' title='bbox 1311 1329 1341 1380; x_wconf 87' lang='lat' dir='ltr'>et</span> 
     </span>
     <span class='ocr_line' id='line_1_12' title="bbox 165 1394 1337 1465; baseline 0.001 -18"><span class='ocrx_word' id='word_1_84' title='bbox 165 1394 339 1459; x_wconf 89' lang='lat' dir='ltr'>Waltdruda,</span> <span class='ocrx_word' id='word_1_85' title='bbox 363 1394 506 1460; x_wconf 85' lang='lat' dir='ltr'>commisit,</span> <span class='ocrx_word' id='word_1_86' title='bbox 531 1394 657 1446; x_wconf 91' lang='lat' dir='ltr'>omnibus</span> <span class='ocrx_word' id='word_1_87' title='bbox 675 1394 850 1448; x_wconf 83' lang='lat' dir='ltr'>manifestum</span> <span class='ocrx_word' id='word_1_88' title='bbox 869 1398 917 1450; x_wconf 91' lang='lat' dir='ltr'>est.</span> <span class='ocrx_word' id='word_1_89' title='bbox 954 1394 1008 1449; x_wconf 85' lang='lat' dir='ltr'>Sed</span> <span class='ocrx_word' id='word_1_90' title='bbox 1027 1398 1055 1447; x_wconf 89' lang='lat' dir='ltr'>et</span> <span class='ocrx_word' id='word_1_91' title='bbox 1073 1394 1178 1448; x_wconf 91' lang='lat' dir='ltr'>dudum</span> <span class='ocrx_word' id='word_1_92' title='bbox 1197 1397 1337 1465; x_wconf 90' lang='lat' dir='ltr'>episcopos</span> 
     </span>
     <span class='ocr_line' id='line_1_13' title="bbox 166 1463 1338 1534; baseline 0.003 -17"><span class='ocrx_word' id='word_1_93' title='bbox 166 1464 380 1534; x_wconf 85' lang='lat' dir='ltr'>Theutgaudum</span> <span class='ocrx_word' id='word_1_94' title='bbox 398 1469 426 1517; x_wconf 90' lang='lat' dir='ltr'>et</span> <span class='ocrx_word' id='word_1_95' title='bbox 445 1463 636 1518; x_wconf 84' lang='lat' dir='ltr'>Gundharium</span> <span class='ocrx_word' id='word_1_96' title='bbox 661 1465 690 1516; x_wconf 92' lang='lat' dir='ltr'>in</span> <span class='ocrx_word' id='word_1_97' title='bbox 714 1465 763 1518; x_wconf 86' lang='lat' dir='ltr'>tali</span> <span class='ocrx_word' id='word_1_98' title='bbox 787 1465 860 1518; x_wconf 85' lang='lat' dir='ltr'>facto</span> <span class='ocrx_word' id='word_1_99' title='bbox 886 1482 949 1518; x_wconf 93' lang='lat' dir='ltr'>eum</span> <span class='ocrx_word' id='word_1_100' title='bbox 974 1465 1100 1519; x_wconf 91' lang='lat' dir='ltr'>habuisse</span> <span class='ocrx_word' id='word_1_101' title='bbox 1125 1470 1230 1520; x_wconf 89' lang='lat' dir='ltr'>tutores</span> <span class='ocrx_word' id='word_1_102' title='bbox 1257 1471 1338 1534; x_wconf 88' lang='lat' dir='ltr'>atque</span> 
     </span>
     <span class='ocr_line' id='line_1_14' title="bbox 166 1535 1337 1602; baseline 0.003 -15"><span class='ocrx_word' id='word_1_103' title='bbox 166 1535 307 1588; x_wconf 76' lang='lat' dir='ltr'>fautorese</span> <span class='ocrx_word' id='word_1_104' title='bbox 329 1552 400 1602; x_wconf 90' lang='lat' dir='ltr'>pene</span> <span class='ocrx_word' id='word_1_105' title='bbox 419 1538 492 1587; x_wconf 90' lang='lat' dir='ltr'>totus</span> <span class='ocrx_word' id='word_1_106' title='bbox 510 1535 589 1588; x_wconf 91' lang='lat' dir='ltr'>nobis</span> <span class='ocrx_word' id='word_1_107' title='bbox 608 1535 681 1587; x_wconf 94' lang='lat' dir='ltr'>orbis</span> <span class='ocrx_word' id='word_1_108' title='bbox 700 1536 819 1602; x_wconf 91' lang='lat' dir='ltr'>undique</span> <span class='ocrx_word' id='word_1_109' title='bbox 844 1535 879 1587; x_wconf 90' lang='lat' dir='ltr'>ad</span> <span class='ocrx_word' id='word_1_110' title='bbox 901 1536 995 1588; x_wconf 87' lang='lat' dir='ltr'>limina</span> <span class='ocrx_word' id='word_1_111' title='bbox 1019 1553 1067 1590; x_wconf 89' lang='lat' dir='ltr'>seu</span> <span class='ocrx_word' id='word_1_112' title='bbox 1085 1537 1178 1590; x_wconf 89' lang='lat' dir='ltr'>sedem</span> <span class='ocrx_word' id='word_1_113' title='bbox 1197 1537 1337 1591; x_wconf 87' lang='lat' dir='ltr'>confluens</span> 
     </span>
     <span class='ocr_line' id='line_1_15' title="bbox 167 1605 1337 1674; baseline 0.003 -16"><span class='ocrx_word' id='word_1_114' title='bbox 167 1606 345 1674; x_wconf 90' lang='lat' dir='ltr'>apostolicam</span> <span class='ocrx_word' id='word_1_115' title='bbox 369 1605 514 1673; x_wconf 87' lang='lat' dir='ltr'>referebat,</span> <span class='ocrx_word' id='word_1_116' title='bbox 543 1606 699 1659; x_wconf 88' lang='lat' dir='ltr'>absentibus</span> <span class='ocrx_word' id='word_1_117' title='bbox 727 1623 835 1673; x_wconf 90' lang='lat' dir='ltr'>quoque</span> <span class='ocrx_word' id='word_1_118' title='bbox 862 1606 891 1658; x_wconf 90' lang='lat' dir='ltr'>id</span> <span class='ocrx_word' id='word_1_119' title='bbox 918 1607 1008 1674; x_wconf 91' lang='lat' dir='ltr'>ipsum</span> <span class='ocrx_word' id='word_1_120' title='bbox 1035 1612 1128 1660; x_wconf 90' lang='lat' dir='ltr'>nostro</span> <span class='ocrx_word' id='word_1_121' title='bbox 1157 1609 1337 1662; x_wconf 87' lang='lat' dir='ltr'>scribentibus</span> 
     </span>
     <span class='ocr_line' id='line_1_16' title="bbox 167 1676 1337 1748; baseline 0.003 -20"><span class='ocrx_word' id='word_1_122' title='bbox 167 1677 339 1745; x_wconf 90' lang='lat' dir='ltr'>apostolatui.</span> <span class='ocrx_word' id='word_1_123' title='bbox 376 1676 456 1744; x_wconf 78' lang='lat' dir='ltr'>Quod</span> <span class='ocrx_word' id='word_1_124' title='bbox 475 1693 524 1729; x_wconf 92' lang='lat' dir='ltr'>nos</span> <span class='ocrx_word' id='word_1_125' title='bbox 543 1681 620 1730; x_wconf 90' lang='lat' dir='ltr'>tanto</span> <span class='ocrx_word' id='word_1_126' title='bbox 640 1677 751 1730; x_wconf 88' lang='lat' dir='ltr'>credere</span> <span class='ocrx_word' id='word_1_127' title='bbox 770 1677 936 1744; x_wconf 77' lang='lat' dir='ltr'>monuimus,</span> <span class='ocrx_word' id='word_1_128' title='bbox 956 1683 1059 1745; x_wconf 88' lang='lat' dir='ltr'>quanto</span> <span class='ocrx_word' id='word_1_129' title='bbox 1078 1679 1112 1731; x_wconf 89' lang='lat' dir='ltr'>de</span> <span class='ocrx_word' id='word_1_130' title='bbox 1131 1679 1265 1748; x_wconf 86' lang='lat' dir='ltr'>episcopis</span> <span class='ocrx_word' id='word_1_131' title='bbox 1283 1681 1337 1732; x_wconf 90' lang='lat' dir='ltr'>tale</span> 
     </span>
     <span class='ocr_line' id='line_1_17' title="bbox 167 1747 1337 1818; baseline 0.004 -20"><span class='ocrx_word' id='word_1_132' title='bbox 167 1747 234 1814; x_wconf 92' lang='lat' dir='ltr'>quid</span> <span class='ocrx_word' id='word_1_133' title='bbox 259 1747 353 1801; x_wconf 88' lang='lat' dir='ltr'>audire</span> <span class='ocrx_word' id='word_1_134' title='bbox 377 1749 532 1800; x_wconf 89' lang='lat' dir='ltr'>nullatenus</span> <span class='ocrx_word' id='word_1_135' title='bbox 558 1748 748 1815; x_wconf 76' lang='lat' dir='ltr'>sperabamus3</span> <span class='ocrx_word' id='word_1_136' title='bbox 775 1748 863 1800; x_wconf 92' lang='lat' dir='ltr'>donec</span> <span class='ocrx_word' id='word_1_137' title='bbox 881 1748 933 1815; x_wconf 84' lang='lat' dir='ltr'>ipsi</span> <span class='ocrx_word' id='word_1_138' title='bbox 950 1748 1069 1802; x_wconf 84' lang='lat' dir='ltr'>Romam</span> <span class='ocrx_word' id='word_1_139' title='bbox 1087 1753 1211 1818; x_wconf 89' lang='lat' dir='ltr'>tempore</span> <span class='ocrx_word' id='word_1_140' title='bbox 1231 1751 1337 1804; x_wconf 92' lang='lat' dir='ltr'>concilii</span> 
     </span>
     <span class='ocr_line' id='line_1_18' title="bbox 166 1818 1337 1887; baseline 0.002 -15"><span class='ocrx_word' id='word_1_141' title='bbox 166 1818 306 1872; x_wconf 86' lang='lat' dir='ltr'>venientes</span> <span class='ocrx_word' id='word_1_142' title='bbox 326 1835 417 1871; x_wconf 89' lang='lat' dir='ltr'>coram</span> <span class='ocrx_word' id='word_1_143' title='bbox 435 1819 514 1871; x_wconf 90' lang='lat' dir='ltr'>nobis</span> <span class='ocrx_word' id='word_1_144' title='bbox 534 1822 562 1871; x_wconf 91' lang='lat' dir='ltr'>et</span> <span class='ocrx_word' id='word_1_145' title='bbox 579 1824 673 1872; x_wconf 90' lang='lat' dir='ltr'>sancta</span> <span class='ocrx_word' id='word_1_146' title='bbox 692 1818 786 1871; x_wconf 85' lang='lat' dir='ltr'>sinodo</span> <span class='ocrx_word' id='word_1_147' title='bbox 805 1819 872 1872; x_wconf 89' lang='lat' dir='ltr'>tales</span> <span class='ocrx_word' id='word_1_148' title='bbox 891 1819 995 1872; x_wconf 90' lang='lat' dir='ltr'>inventi</span> <span class='ocrx_word' id='word_1_149' title='bbox 1014 1823 1085 1887; x_wconf 89' lang='lat' dir='ltr'>sunt,</span> <span class='ocrx_word' id='word_1_150' title='bbox 1110 1821 1204 1887; x_wconf 90' lang='lat' dir='ltr'>quales</span> <span class='ocrx_word' id='word_1_151' title='bbox 1229 1821 1337 1874; x_wconf 88' lang='lat' dir='ltr'>fuerant</span> 
     </span>
     <span class='ocr_line' id='line_1_19' title="bbox 167 1889 1339 1959; baseline 0.003 -17"><span class='ocrx_word' id='word_1_152' title='bbox 167 1889 294 1942; x_wconf 89' lang='lat' dir='ltr'>amultis</span> <span class='ocrx_word' id='word_1_153' title='bbox 318 1889 456 1957; x_wconf 88' lang='lat' dir='ltr'>sepissime</span> <span class='ocrx_word' id='word_1_154' title='bbox 478 1889 642 1957; x_wconf 80' lang='lat' dir='ltr'>praedicati3</span> <span class='ocrx_word' id='word_1_155' title='bbox 667 1889 706 1942; x_wconf 88' lang='lat' dir='ltr'>ita</span> <span class='ocrx_word' id='word_1_156' title='bbox 731 1892 763 1941; x_wconf 94' lang='lat' dir='ltr'>ut</span> <span class='ocrx_word' id='word_1_157' title='bbox 787 1890 929 1957; x_wconf 88' lang='lat' dir='ltr'>scriptura,</span> <span class='ocrx_word' id='word_1_158' title='bbox 955 1907 1037 1956; x_wconf 90' lang='lat' dir='ltr'>quam</span> <span class='ocrx_word' id='word_1_159' title='bbox 1062 1890 1117 1943; x_wconf 89' lang='lat' dir='ltr'>suis</span> <span class='ocrx_word' id='word_1_160' title='bbox 1142 1891 1339 1959; x_wconf 86' lang='lat' dir='ltr'>stipulaverant</span> 
     </span>
     <span class='ocr_line' id='line_1_20' title="bbox 167 1959 1338 2030; baseline 0.003 -18"><span class='ocrx_word' id='word_1_161' title='bbox 167 1959 292 2012; x_wconf 85' lang='lat' dir='ltr'>manibus</span> <span class='ocrx_word' id='word_1_162' title='bbox 305 1977 441 2027; x_wconf 89' lang='lat' dir='ltr'>quamque</span> <span class='ocrx_word' id='word_1_163' title='bbox 453 1961 590 2027; x_wconf 86' lang='lat' dir='ltr'>volebant,</span> <span class='ocrx_word' id='word_1_164' title='bbox 609 1965 640 2012; x_wconf 92' lang='lat' dir='ltr'>ut</span> <span class='ocrx_word' id='word_1_165' title='bbox 658 1964 751 2013; x_wconf 92' lang='lat' dir='ltr'>nostro</span> <span class='ocrx_word' id='word_1_166' title='bbox 769 1961 961 2013; x_wconf 84' lang='lat' dir='ltr'>roboraremus</span> <span class='ocrx_word' id='word_1_167' title='bbox 977 1960 1155 2030; x_wconf 85' lang='lat' dir='ltr'>cyrographo,</span> <span class='ocrx_word' id='word_1_168' title='bbox 1175 1968 1338 2030; x_wconf 86' lang='lat' dir='ltr'>caperentur</span> 
     </span>
     <span class='ocr_line' id='line_1_21' title="bbox 167 2029 1337 2100; baseline 0.003 -18"><span class='ocrx_word' id='word_1_169' title='bbox 167 2033 204 2096; x_wconf 91' lang='lat' dir='ltr'>et,</span> <span class='ocrx_word' id='word_1_170' title='bbox 223 2029 289 2083; x_wconf 91' lang='lat' dir='ltr'>dum</span> <span class='ocrx_word' id='word_1_171' title='bbox 307 2031 486 2099; x_wconf 88' lang='lat' dir='ltr'>muscipulam</span> <span class='ocrx_word' id='word_1_172' title='bbox 505 2031 695 2084; x_wconf 88' lang='lat' dir='ltr'>innocentibus</span> <span class='ocrx_word' id='word_1_173' title='bbox 719 2048 857 2099; x_wconf 89' lang='lat' dir='ltr'>opponere</span> <span class='ocrx_word' id='word_1_174' title='bbox 883 2036 1045 2100; x_wconf 85' lang='lat' dir='ltr'>satagerent,</span> <span class='ocrx_word' id='word_1_175' title='bbox 1071 2032 1175 2085; x_wconf 87' lang='lat' dir='ltr'>insidiis</span> <span class='ocrx_word' id='word_1_176' title='bbox 1201 2034 1256 2086; x_wconf 90' lang='lat' dir='ltr'>suis</span> <span class='ocrx_word' id='word_1_177' title='bbox 1280 2034 1337 2086; x_wconf 90' lang='lat' dir='ltr'>illa-</span> 
     </span>
     <span class='ocr_line' id='line_1_22' title="bbox 167 2100 1337 2170; baseline 0.003 -17"><span class='ocrx_word' id='word_1_178' title='bbox 167 2101 260 2168; x_wconf 90' lang='lat' dir='ltr'>queati</span> <span class='ocrx_word' id='word_1_179' title='bbox 278 2100 362 2154; x_wconf 81' lang='lat' dir='ltr'>suntf</span> <span class='ocrx_word' id='word_1_180' title='bbox 384 2102 443 2169; x_wconf 88' lang='lat' dir='ltr'>ipsi.</span> <span class='ocrx_word' id='word_1_181' title='bbox 480 2100 580 2169; x_wconf 91' lang='lat' dir='ltr'>Sicque</span> <span class='ocrx_word' id='word_1_182' title='bbox 599 2102 756 2170; x_wconf 91' lang='lat' dir='ltr'>conpletum</span> <span class='ocrx_word' id='word_1_183' title='bbox 775 2106 816 2155; x_wconf 89' lang='lat' dir='ltr'>est</span> <span class='ocrx_word' id='word_1_184' title='bbox 831 2102 890 2155; x_wconf 91' lang='lat' dir='ltr'>Deo</span> <span class='ocrx_word' id='word_1_185' title='bbox 909 2105 1028 2170; x_wconf 86' lang='lat' dir='ltr'>auctore,</span> <span class='ocrx_word' id='word_1_186' title='bbox 1048 2103 1122 2170; x_wconf 90' lang='lat' dir='ltr'>quod</span> <span class='ocrx_word' id='word_1_187' title='bbox 1139 2103 1337 2158; x_wconf 90' lang='lat' dir='ltr'>inProverbiis</span> 
     </span>
    </p>

    <p class='ocr_par' dir='ltr' id='par_1_4' title="bbox 21 2172 1338 2313">
     <span class='ocr_line' id='line_1_23' title="bbox 21 2172 1338 2244; baseline 0.001 -16"><span class='ocrx_word' id='word_1_188' title='bbox 21 2179 89 2221; x_wconf 84' lang='lat' dir='ltr'>Prov.</span> <span class='ocrx_word' id='word_1_189' title='bbox 97 2180 117 2228; x_wconf 91' lang='lat'>1,</span> <span class='ocrx_word' id='word_1_190' title='bbox 126 2180 158 2220; x_wconf 80' lang='lat'>1⁷.</span> <span class='ocrx_word' id='word_1_191' title='bbox 167 2172 282 2242; x_wconf 88' lang='lat' dir='ltr'>legitur:</span> <span class='ocrx_word' id='word_1_192' title='bbox 309 2175 429 2225; x_wconf 80' lang='lat' dir='ltr'>Frustra</span> <span class='ocrx_word' id='word_1_193' title='bbox 453 2175 597 2225; x_wconf 67' lang='lat' dir='ltr'>iactetur&amp;</span> <span class='ocrx_word' id='word_1_194' title='bbox 625 2181 686 2225; x_wconf 80' lang='lat' dir='ltr'>oete</span> <span class='ocrx_word' id='word_1_195' title='bbox 711 2175 797 2224; x_wconf 82' lang='lat' dir='ltr'>oculos</span> <span class='ocrx_word' id='word_1_196' title='bbox 821 2180 874 2225; x_wconf 80' lang='lat' dir='ltr'>rete</span> <span class='ocrx_word' id='word_1_197' title='bbox 895 2182 1081 2242; x_wconf 80' lang='lat' dir='ltr'>pennatorum.</span> <span class='ocrx_word' id='word_1_198' title='bbox 1119 2173 1262 2241; x_wconf 87' lang='lat' dir='ltr'>Siquidem</span> <span class='ocrx_word' id='word_1_199' title='bbox 1287 2176 1338 2244; x_wconf 90' lang='lat' dir='ltr'>ipsi</span> 
     </span>
     <span class='ocr_line' id='line_1_24' title="bbox 168 2242 1337 2313; baseline 0.002 -16"><span class='ocrx_word' id='word_1_200' title='bbox 168 2242 281 2311; x_wconf 90' lang='lat' dir='ltr'>obligati</span> <span class='ocrx_word' id='word_1_201' title='bbox 299 2246 363 2296; x_wconf 90' lang='lat' dir='ltr'>sunt</span> <span class='ocrx_word' id='word_1_202' title='bbox 382 2248 409 2298; x_wconf 86' lang='lat' dir='ltr'>et</span> <span class='ocrx_word' id='word_1_203' title='bbox 428 2243 600 2311; x_wconf 71' lang='lat' dir='ltr'>ceciderunt,</span> <span class='ocrx_word' id='word_1_204' title='bbox 622 2261 672 2296; x_wconf 90' lang='lat' dir='ltr'>nos</span> <span class='ocrx_word' id='word_1_205' title='bbox 690 2259 764 2308; x_wconf 87' lang='lat' dir='ltr'>vero,</span> <span class='ocrx_word' id='word_1_206' title='bbox 783 2243 876 2310; x_wconf 88' lang='lat' dir='ltr'>quiin</span> <span class='ocrx_word' id='word_1_207' title='bbox 894 2245 947 2297; x_wconf 94' lang='lat' dir='ltr'>hoc</span> <span class='ocrx_word' id='word_1_208' title='bbox 965 2244 1103 2313; x_wconf 87' lang='lat' dir='ltr'>flagicium</span> <span class='ocrx_word' id='word_1_209' title='bbox 1122 2244 1190 2298; x_wconf 87' lang='lat' dir='ltr'>falso</span> <span class='ocrx_word' id='word_1_210' title='bbox 1209 2246 1337 2299; x_wconf 88' lang='lat' dir='ltr'>cecidisse</span> 
     </span>
    </p>
   </div>
   <div class='ocr_carea' id='block_1_3' title="bbox 167 2313 1339 2455">
    <p class='ocr_par' dir='ltr' id='par_1_5' title="bbox 167 2313 1339 2455">
     <span class='ocr_line' id='line_1_25' title="bbox 168 2313 1338 2383; baseline 0.003 -16"><span class='ocrx_word' id='word_1_211' title='bbox 168 2315 334 2380; x_wconf 88' lang='lat' dir='ltr'>dicebamur,</span> <span class='ocrx_word' id='word_1_212' title='bbox 359 2313 493 2368; x_wconf 79' lang='lat' dir='ltr'>faventeh</span> <span class='ocrx_word' id='word_1_213' title='bbox 515 2314 633 2368; x_wconf 91' lang='lat' dir='ltr'>Domino</span> <span class='ocrx_word' id='word_1_214' title='bbox 653 2331 716 2367; x_wconf 92' lang='lat' dir='ltr'>cum</span> <span class='ocrx_word' id='word_1_215' title='bbox 734 2314 856 2366; x_wconf 82' lang='lat' dir='ltr'>iusticias</span> <span class='ocrx_word' id='word_1_216' title='bbox 874 2316 1123 2383; x_wconf 85' lang='lat' dir='ltr'>propugnatoribus</span> <span class='ocrx_word' id='word_1_217' title='bbox 1141 2317 1338 2370; x_wconf 87' lang='lat' dir='ltr'>resurreximus</span> 
     </span>
     <span class='ocr_line' id='line_1_26' title="bbox 167 2385 1339 2455; baseline 0.003 -17"><span class='ocrx_word' id='word_1_218' title='bbox 167 2389 196 2438; x_wconf 90' lang='lat' dir='ltr'>et</span> <span class='ocrx_word' id='word_1_219' title='bbox 214 2386 298 2438; x_wconf 91' lang='lat' dir='ltr'>erecti</span> <span class='ocrx_word' id='word_1_220' title='bbox 316 2403 417 2440; x_wconf 90' lang='lat' dir='ltr'>sumus.</span> <span class='ocrx_word' id='word_1_221' title='bbox 453 2385 544 2454; x_wconf 87' lang='lat' dir='ltr'>Igitur</span> <span class='ocrx_word' id='word_1_222' title='bbox 562 2386 727 2438; x_wconf 86' lang='lat' dir='ltr'>decernente</span> <span class='ocrx_word' id='word_1_223' title='bbox 745 2385 888 2438; x_wconf 87' lang='lat' dir='ltr'>nobiscum</span> <span class='ocrx_word' id='word_1_224' title='bbox 906 2390 999 2438; x_wconf 88' lang='lat' dir='ltr'>sancta</span> <span class='ocrx_word' id='word_1_225' title='bbox 1018 2386 1113 2439; x_wconf 89' lang='lat' dir='ltr'>sinodo</span> <span class='ocrx_word' id='word_1_226' title='bbox 1137 2387 1166 2439; x_wconf 94' lang='lat' dir='ltr'>in</span> <span class='ocrx_word' id='word_1_227' title='bbox 1184 2389 1339 2455; x_wconf 89' lang='lat' dir='ltr'>praesentia</span> 
     </span>
    </p>
   </div>
   <div class='ocr_carea' id='block_1_4' title="bbox 166 2455 1423 2950">
    <p class='ocr_par' dir='ltr' id='par_1_6' title="bbox 166 2455 1423 2950">
     <span class='ocr_line' id='line_1_27' title="bbox 168 2455 1423 2528; baseline 0.003 -20"><span class='ocrx_word' id='word_1_228' title='bbox 168 2455 284 2524; x_wconf 88' lang='lat' dir='ltr'>depositi</span> <span class='ocrx_word' id='word_1_229' title='bbox 303 2460 331 2510; x_wconf 89' lang='lat' dir='ltr'>et</span> <span class='ocrx_word' id='word_1_230' title='bbox 349 2457 383 2509; x_wconf 91' lang='lat' dir='ltr'>ab</span> <span class='ocrx_word' id='word_1_231' title='bbox 402 2455 489 2509; x_wconf 88' lang='lat' dir='ltr'>offitio</span> <span class='ocrx_word' id='word_1_232' title='bbox 508 2456 670 2510; x_wconf 90' lang='lat' dir='ltr'>sacerdotali</span> <span class='ocrx_word' id='word_1_233' title='bbox 689 2455 930 2509; x_wconf 56' lang='lat' dir='ltr'>excommunicati</span> <span class='ocrx_word' id='word_1_234' title='bbox 949 2461 1030 2524; x_wconf 90' lang='lat' dir='ltr'>atque</span> <span class='ocrx_word' id='word_1_235' title='bbox 1049 2475 1065 2510; x_wconf 88' lang='lat' dir='ltr'>a</span> <span class='ocrx_word' id='word_1_236' title='bbox 1083 2458 1216 2527; x_wconf 82' lang='lat' dir='ltr'>regimine</span> <span class='ocrx_word' id='word_1_237' title='bbox 1235 2459 1337 2528; x_wconf 86' lang='lat' dir='ltr'>episco·</span> <span class='ocrx_word' id='word_1_238' title='bbox 1347 2471 1378 2521; x_wconf 73' lang='lat'>⁸11.</span> <span class='ocrx_word' id='word_1_239' title='bbox 1385 2471 1423 2512; x_wconf 79' lang='grc'><strong>111.</strong></span> 
     </span>
     <span class='ocr_line' id='line_1_28' title="bbox 167 2526 1338 2595; baseline 0.003 -16"><span class='ocrx_word' id='word_1_240' title='bbox 167 2532 247 2595; x_wconf 91' lang='lat' dir='ltr'>patus</span> <span class='ocrx_word' id='word_1_241' title='bbox 275 2528 385 2580; x_wconf 91' lang='lat' dir='ltr'>alienati</span> <span class='ocrx_word' id='word_1_242' title='bbox 412 2528 600 2581; x_wconf 89' lang='lat' dir='ltr'>indubitanter</span> <span class='ocrx_word' id='word_1_243' title='bbox 628 2528 756 2582; x_wconf 84' lang='lat' dir='ltr'>existunt.</span> <span class='ocrx_word' id='word_1_244' title='bbox 792 2526 874 2580; x_wconf 92' lang='lat' dir='ltr'>Unde</span> <span class='ocrx_word' id='word_1_245' title='bbox 901 2531 991 2581; x_wconf 87' lang='lat' dir='ltr'>vestra</span> <span class='ocrx_word' id='word_1_246' title='bbox 1018 2528 1173 2581; x_wconf 86' lang='lat' dir='ltr'>fraternitas</span> <span class='ocrx_word' id='word_1_247' title='bbox 1202 2547 1338 2583; x_wconf 90' lang='lat' dir='ltr'>canonum</span> 
     </span>
     <span class='ocr_line' id='line_1_29' title="bbox 167 2597 1338 2667; baseline 0.003 -17"><span class='ocrx_word' id='word_1_248' title='bbox 167 2615 292 2651; x_wconf 90' lang='lat' dir='ltr'>normam</span> <span class='ocrx_word' id='word_1_249' title='bbox 311 2597 482 2652; x_wconf 88' lang='lat' dir='ltr'>custodiensi</span> <span class='ocrx_word' id='word_1_250' title='bbox 506 2603 533 2652; x_wconf 90' lang='lat' dir='ltr'>et</span> <span class='ocrx_word' id='word_1_251' title='bbox 552 2597 747 2652; x_wconf 82' lang='lat' dir='ltr'>decretorumk</span> <span class='ocrx_word' id='word_1_252' title='bbox 768 2598 920 2651; x_wconf 89' lang='lat' dir='ltr'>sanctiones</span> <span class='ocrx_word' id='word_1_253' title='bbox 940 2599 1085 2651; x_wconf 88' lang='lat' dir='ltr'>observans</span> <span class='ocrx_word' id='word_1_254' title='bbox 1105 2604 1207 2666; x_wconf 86' lang='lat' dir='ltr'>caveat,</span> <span class='ocrx_word' id='word_1_255' title='bbox 1225 2618 1262 2654; x_wconf 90' lang='lat' dir='ltr'>ne</span> <span class='ocrx_word' id='word_1_256' title='bbox 1279 2601 1338 2667; x_wconf 92' lang='lat' dir='ltr'>hos,</span> 
     </span>
     <span class='ocr_line' id='line_1_30' title="bbox 167 2669 1338 2739; baseline 0.004 -19"><span class='ocrx_word' id='word_1_257' title='bbox 167 2686 235 2735; x_wconf 89' lang='lat' dir='ltr'>quos</span> <span class='ocrx_word' id='word_1_258' title='bbox 260 2687 309 2721; x_wconf 90' lang='lat' dir='ltr'>nos</span> <span class='ocrx_word' id='word_1_259' title='bbox 335 2670 491 2736; x_wconf 79' lang='lat' dir='ltr'>abiecimus,</span> <span class='ocrx_word' id='word_1_260' title='bbox 517 2670 639 2737; x_wconf 88' lang='lat' dir='ltr'>recipere</span> <span class='ocrx_word' id='word_1_261' title='bbox 664 2669 693 2721; x_wconf 92' lang='lat' dir='ltr'>in</span> <span class='ocrx_word' id='word_1_262' title='bbox 719 2669 891 2721; x_wconf 86' lang='lat' dir='ltr'>sacerdotum</span> <span class='ocrx_word' id='word_1_263' title='bbox 917 2669 1058 2739; x_wconf 87' lang='lat' dir='ltr'>catalogol</span> <span class='ocrx_word' id='word_1_264' title='bbox 1083 2675 1247 2738; x_wconf 84' lang='lat' dir='ltr'>praesumat.</span> <span class='ocrx_word' id='word_1_265' title='bbox 1284 2672 1338 2726; x_wconf 91' lang='lat' dir='ltr'>De·</span> 
     </span>
     <span class='ocr_line' id='line_1_31' title="bbox 166 2739 1339 2809; baseline 0.002 -16"><span class='ocrx_word' id='word_1_266' title='bbox 166 2739 312 2806; x_wconf 87' lang='lat' dir='ltr'>posicionis</span> <span class='ocrx_word' id='word_1_267' title='bbox 331 2743 422 2793; x_wconf 89' lang='lat' dir='ltr'>autem</span> <span class='ocrx_word' id='word_1_268' title='bbox 441 2741 614 2807; x_wconf 83' lang='lat' dir='ltr'>sententiam,</span> <span class='ocrx_word' id='word_1_269' title='bbox 634 2757 716 2806; x_wconf 92' lang='lat' dir='ltr'>quam</span> <span class='ocrx_word' id='word_1_270' title='bbox 734 2739 764 2791; x_wconf 89' lang='lat' dir='ltr'>in</span> <span class='ocrx_word' id='word_1_271' title='bbox 781 2740 935 2807; x_wconf 90' lang='lat' dir='ltr'>praedictos</span> <span class='ocrx_word' id='word_1_272' title='bbox 948 2740 1160 2809; x_wconf 87' lang='lat' dir='ltr'>Theutgaudum</span> <span class='ocrx_word' id='word_1_273' title='bbox 1173 2745 1201 2795; x_wconf 93' lang='lat' dir='ltr'>et</span> <span class='ocrx_word' id='word_1_274' title='bbox 1214 2742 1339 2795; x_wconf 84' lang='lat' dir='ltr'>Guntha·</span> 
     </span>
     <span class='ocr_line' id='line_1_32' title="bbox 167 2810 1339 2878; baseline 0.005 -17"><span class='ocrx_word' id='word_1_275' title='bbox 167 2810 239 2861; x_wconf 92' lang='lat' dir='ltr'>rium</span> <span class='ocrx_word' id='word_1_276' title='bbox 263 2811 439 2878; x_wconf 72' lang='lat' dir='ltr'>protulims,</span> <span class='ocrx_word' id='word_1_277' title='bbox 466 2827 528 2862; x_wconf 89' lang='lat' dir='ltr'>cum</span> <span class='ocrx_word' id='word_1_278' title='bbox 555 2812 651 2863; x_wconf 88' lang='lat' dir='ltr'>ceteris</span> <span class='ocrx_word' id='word_1_279' title='bbox 676 2811 812 2878; x_wconf 89' lang='lat' dir='ltr'>capitulis,</span> <span class='ocrx_word' id='word_1_280' title='bbox 839 2827 908 2877; x_wconf 90' lang='lat' dir='ltr'>quae</span> <span class='ocrx_word' id='word_1_281' title='bbox 934 2816 1028 2864; x_wconf 89' lang='lat' dir='ltr'>sancto</span> <span class='ocrx_word' id='word_1_282' title='bbox 1054 2812 1169 2866; x_wconf 89' lang='lat' dir='ltr'>concilio</span> <span class='ocrx_word' id='word_1_283' title='bbox 1194 2813 1339 2867; x_wconf 90' lang='lat' dir='ltr'>nobiscum</span> 
     </span>
     <span class='ocr_line' id='line_1_33' title="bbox 168 2880 1050 2950; baseline 0.003 -18"><span class='ocrx_word' id='word_1_284' title='bbox 168 2880 306 2933; x_wconf 90' lang='lat' dir='ltr'>sanciente</span> <span class='ocrx_word' id='word_1_285' title='bbox 324 2881 564 2950; x_wconf 85' lang='lat' dir='ltr'>promulgavimus,</span> <span class='ocrx_word' id='word_1_286' title='bbox 582 2881 695 2934; x_wconf 88' lang='lat' dir='ltr'>inferius</span> <span class='ocrx_word' id='word_1_287' title='bbox 714 2898 821 2934; x_wconf 88' lang='lat' dir='ltr'>annexa</span> <span class='ocrx_word' id='word_1_288' title='bbox 838 2882 1050 2936; x_wconf 89' lang='lat' dir='ltr'>monstrabitur:</span> 
     </span>
    </p>
   </div>
   <div class='ocr_carea' id='block_1_5' title="bbox 166 3037 1341 3238">
    <p class='ocr_par' dir='ltr' id='par_1_7' title="bbox 166 3037 1341 3238">
     <span class='ocr_line' id='line_1_34' title="bbox 168 3037 1341 3097; baseline 0.006 -7"><span class='ocrx_word' id='word_1_289' title='bbox 168 3037 217 3090; x_wconf 83' lang='lat' dir='ltr'>DE</span> <span class='ocrx_word' id='word_1_290' title='bbox 236 3037 374 3092; x_wconf 89' lang='lat' dir='ltr'>SINODO</span> <span class='ocrx_word' id='word_1_291' title='bbox 392 3037 706 3093; x_wconf 79' lang='lat' dir='ltr'>INMETTENSIUM</span> <span class='ocrx_word' id='word_1_292' title='bbox 718 3039 821 3094; x_wconf 79' lang='lat' dir='ltr'><strong>URBE</strong></span> <span class='ocrx_word' id='word_1_293' title='bbox 838 3039 866 3093; x_wconf 83' lang='lat' dir='ltr'>A</span> <span class='ocrx_word' id='word_1_294' title='bbox 879 3040 1142 3096; x_wconf 82' lang='lat' dir='ltr'><strong>THEUTGAUDO</strong></span> <span class='ocrx_word' id='word_1_295' title='bbox 1158 3041 1208 3095; x_wconf 81' lang='grc' dir='ltr'>ΕΤ</span> <span class='ocrx_word' id='word_1_296' title='bbox 1221 3042 1341 3097; x_wconf 75' lang='lat' dir='ltr'>GUNT-</span> 
     </span>
     <span class='ocr_line' id='line_1_35' title="bbox 166 3108 1340 3238; baseline 0.006 -77"><span class='ocrx_word' id='word_1_297' title='bbox 166 3108 291 3163; x_wconf 78' lang='lat' dir='ltr'><strong>HARJO</strong></span> <span class='ocrx_word' id='word_1_298' title='bbox 314 3109 633 3164; x_wconf 77' lang='lat' dir='ltr'>AROHOEPISOOPIS</span> <span class='ocrx_word' id='word_1_299' title='bbox 657 3109 917 3238; x_wconf 49' lang='lat' dir='ltr'>COOlEltlIllirATA</span> <span class='ocrx_word' id='word_1_300' title='bbox 936 3111 1101 3166; x_wconf 81' lang='lat' dir='ltr'>PENITUS</span> <span class='ocrx_word' id='word_1_301' title='bbox 1121 3112 1340 3170; x_wconf 79' lang='lat' dir='ltr'><strong>ABOLENDA.</strong></span> 
     </span>
    </p>
   </div>
   <div class='ocr_carea' id='block_1_6' title="bbox 166 3267 1342 3412">
    <p class='ocr_par' dir='ltr' id='par_1_8' title="bbox 166 3267 1342 3412">
     <span class='ocr_line' id='line_1_36' title="bbox 276 3267 1342 3340; baseline 0.005 -19"><span class='ocrx_word' id='word_1_302' title='bbox 276 3267 418 3336; x_wconf 90' lang='lat' dir='ltr'>Sinodum,</span> <span class='ocrx_word' id='word_1_303' title='bbox 443 3280 537 3337; x_wconf 87' lang='lat' dir='ltr'>quaen</span> <span class='ocrx_word' id='word_1_304' title='bbox 560 3288 655 3338; x_wconf 88' lang='lat' dir='ltr'>nuper,</span> <span class='ocrx_word' id='word_1_305' title='bbox 677 3270 705 3322; x_wconf 93' lang='lat' dir='ltr'>id</span> <span class='ocrx_word' id='word_1_306' title='bbox 724 3275 765 3323; x_wconf 91' lang='lat' dir='ltr'>est</span> <span class='ocrx_word' id='word_1_307' title='bbox 783 3272 832 3323; x_wconf 86' lang='lat' dir='ltr'>sub</span> <span class='ocrx_word' id='word_1_308' title='bbox 851 3271 971 3339; x_wconf 91' lang='lat' dir='ltr'>piissimo</span> <span class='ocrx_word' id='word_1_309' title='bbox 990 3273 1155 3340; x_wconf 89' lang='lat' dir='ltr'>imperatore</span> <span class='ocrx_word' id='word_1_310' title='bbox 1173 3271 1342 3326; x_wconf 90' lang='lat' dir='ltr'>Hludowico</span> 
     </span>
     <span class='ocr_line' id='line_1_37' title="bbox 166 3339 1342 3412; baseline 0.002 -18"><span class='ocrx_word' id='word_1_311' title='bbox 166 3357 217 3409; x_wconf 87' lang='lat' dir='ltr'>per</span> <span class='ocrx_word' id='word_1_312' title='bbox 241 3339 438 3394; x_wconf 91' lang='lat' dir='ltr'>indictionem0</span> <span class='ocrx_word' id='word_1_313' title='bbox 462 3341 635 3394; x_wconf 89' lang='lat' dir='ltr'>undecimam</span> <span class='ocrx_word' id='word_1_314' title='bbox 654 3352 747 3394; x_wconf 82' lang='lat' dir='ltr'>mense</span> <span class='ocrx_word' id='word_1_315' title='bbox 765 3340 856 3409; x_wconf 91' lang='lat' dir='ltr'>Iunio,</span> <span class='ocrx_word' id='word_1_316' title='bbox 879 3343 908 3395; x_wconf 90' lang='lat' dir='ltr'>in</span> <span class='ocrx_word' id='word_1_317' title='bbox 926 3343 1105 3397; x_wconf 89' lang='lat' dir='ltr'>Mettensium</span> <span class='ocrx_word' id='word_1_318' title='bbox 1130 3344 1198 3396; x_wconf 90' lang='lat' dir='ltr'>urbe</span> <span class='ocrx_word' id='word_1_319' title='bbox 1222 3344 1257 3395; x_wconf 93' lang='lat' dir='ltr'>ab</span> <span class='ocrx_word' id='word_1_320' title='bbox 1283 3345 1342 3412; x_wconf 87' lang='lat' dir='ltr'>epi-</span> 
     </span>
    </p>
   </div>
   <div class='ocr_carea' id='block_1_7' title="bbox 286 3517 1344 3869">
    <p class='ocr_par' dir='ltr' id='par_1_9' title="bbox 286 3517 1344 3869">
     <span class='ocr_line' id='line_1_38' title="bbox 286 3517 1344 3588; baseline 0.002 -16"><span class='ocrx_word' id='word_1_321' title='bbox 286 3517 312 3586; x_wconf 89' lang='lat'>*)</span> <span class='ocrx_word' id='word_1_322' title='bbox 332 3519 443 3572; x_wconf 81' lang='lat' dir='ltr'>Omissis</span> <span class='ocrx_word' id='word_1_323' title='bbox 454 3522 500 3584; x_wconf 86' lang='lat' dir='ltr'>eis,</span> <span class='ocrx_word' id='word_1_324' title='bbox 520 3526 752 3586; x_wconf 76' lang='lat' dir='ltr'>praesequantur,</span> <span class='ocrx_word' id='word_1_325' title='bbox 771 3522 907 3587; x_wconf 80' lang='lat' dir='ltr'>usquead</span> <span class='ocrx_word' id='word_1_326' title='bbox 925 3523 1003 3586; x_wconf 77' lang='lat' dir='ltr'>finem</span> <span class='ocrx_word' id='word_1_327' title='bbox 1018 3522 1099 3572; x_wconf 80' lang='lat' dir='ltr'>betas</span> <span class='ocrx_word' id='word_1_328' title='bbox 1114 3523 1206 3588; x_wconf 81' lang='lat' dir='ltr'>partis</span> <span class='ocrx_word' id='word_1_329' title='bbox 1219 3522 1344 3574; x_wconf 76' lang='lat' dir='ltr'>manibus</span> 
     </span>
     <span class='ocr_line' id='line_1_39' title="bbox 327 3592 1341 3660; baseline 0.001 -19"><span class='ocrx_word' id='word_1_330' title='bbox 327 3592 424 3642; x_wconf 82' lang='lat' dir='ltr'>codices</span> <span class='ocrx_word' id='word_1_331' title='bbox 442 3594 456 3644; x_wconf 96' lang='lat'>1</span> <span class='ocrx_word' id='word_1_332' title='bbox 476 3598 500 3642; x_wconf 85' lang='lat' dir='ltr'>et</span> <span class='ocrx_word' id='word_1_333' title='bbox 517 3594 534 3644; x_wconf 82' lang='lat'>2</span> <span class='ocrx_word' id='word_1_334' title='bbox 553 3593 680 3656; x_wconf 82' lang='lat' dir='ltr'>(recensio</span> <span class='ocrx_word' id='word_1_335' title='bbox 695 3593 789 3658; x_wconf 81' lang='lat' dir='ltr'>prima</span> <span class='ocrx_word' id='word_1_336' title='bbox 806 3593 840 3642; x_wconf 86' lang='lat' dir='ltr'>ab</span> <span class='ocrx_word' id='word_1_337' title='bbox 858 3598 963 3643; x_wconf 81' lang='lat' dir='ltr'>auctore</span> <span class='ocrx_word' id='word_1_338' title='bbox 978 3594 1070 3660; x_wconf 82' lang='lat' dir='ltr'>pertis</span> <span class='ocrx_word' id='word_1_339' title='bbox 1088 3594 1181 3644; x_wconf 81' lang='lat' dir='ltr'>tertiae</span> <span class='ocrx_word' id='word_1_340' title='bbox 1199 3593 1341 3656; x_wconf 81' lang='lat' dir='ltr'>institute)</span> 
     </span>
     <span class='ocr_line' id='line_1_40' title="bbox 327 3659 1341 3729; baseline 0.002 -17"><span class='ocrx_word' id='word_1_341' title='bbox 327 3662 390 3712; x_wconf 78' lang='lat' dir='ltr'>baec</span> <span class='ocrx_word' id='word_1_342' title='bbox 414 3668 518 3713; x_wconf 79' lang='lat' dir='ltr'>tantam</span> <span class='ocrx_word' id='word_1_343' title='bbox 540 3662 678 3713; x_wconf 78' lang='lat' dir='ltr'>eahibert:</span> <span class='ocrx_word' id='word_1_344' title='bbox 704 3659 874 3729; x_wconf 89' lang='lat' dir='ltr'>Scripturam</span> <span class='ocrx_word' id='word_1_345' title='bbox 893 3665 984 3714; x_wconf 88' lang='lat' dir='ltr'>autem</span> <span class='ocrx_word' id='word_1_346' title='bbox 1004 3662 1145 3728; x_wconf 90' lang='lat' dir='ltr'>utriusque</span> <span class='ocrx_word' id='word_1_347' title='bbox 1162 3661 1247 3729; x_wconf 89' lang='lat' dir='ltr'>partis</span> <span class='ocrx_word' id='word_1_348' title='bbox 1267 3662 1341 3728; x_wconf 91' lang='lat' dir='ltr'>quis-</span> 
     </span>
     <span class='ocr_line' id='line_1_41' title="bbox 328 3731 1343 3800; baseline 0.001 -17"><span class='ocrx_word' id='word_1_349' title='bbox 328 3731 388 3798; x_wconf 90' lang='lat' dir='ltr'>quis</span> <span class='ocrx_word' id='word_1_350' title='bbox 422 3731 542 3784; x_wconf 88' lang='lat' dir='ltr'>curiosus</span> <span class='ocrx_word' id='word_1_351' title='bbox 573 3732 642 3784; x_wconf 89' lang='lat' dir='ltr'>scire</span> <span class='ocrx_word' id='word_1_352' title='bbox 669 3732 823 3800; x_wconf 71' lang='lat' dir='ltr'>volueritv,</span> <span class='ocrx_word' id='word_1_353' title='bbox 854 3732 883 3786; x_wconf 90' lang='lat' dir='ltr'>in</span> <span class='ocrx_word' id='word_1_354' title='bbox 915 3732 1052 3786; x_wconf 91' lang='lat' dir='ltr'>nonnullis</span> <span class='ocrx_word' id='word_1_355' title='bbox 1081 3731 1244 3785; x_wconf 85' lang='lat' dir='ltr'>Germaniae</span> <span class='ocrx_word' id='word_1_356' title='bbox 1272 3732 1343 3785; x_wconf 88' lang='lat' dir='ltr'>locis</span> 
     </span>
     <span class='ocr_line' id='line_1_42' title="bbox 326 3802 600 3869; baseline 0.011 -15"><span class='ocrx_word' id='word_1_357' title='bbox 326 3802 428 3869; x_wconf 90' lang='lat' dir='ltr'>poterit</span> <span class='ocrx_word' id='word_1_358' title='bbox 445 3802 600 3857; x_wconf 72' lang='lat' dir='ltr'>inveniret.</span> 
     </span>
    </p>
   </div>
   <div class='ocr_carea' id='block_1_8' title="bbox 167 3960 1345 4224">
    <p class='ocr_par' dir='ltr' id='par_1_10' title="bbox 167 3960 1345 4224">
     <span class='ocr_line' id='line_1_43' title="bbox 167 3960 1345 4010; baseline 0.001 -11"><span class='ocrx_word' id='word_1_359' title='bbox 167 3960 190 4010; x_wconf 90' lang='lat' dir='ltr'>a)</span> <span class='ocrx_word' id='word_1_360' title='bbox 204 3960 368 4000; x_wconf 85' lang='lat' dir='ltr'>assercionibus</span> <span class='ocrx_word' id='word_1_361' title='bbox 384 3962 402 4002; x_wconf 96' lang='lat'>3.</span> <span class='ocrx_word' id='word_1_362' title='bbox 461 3963 484 4010; x_wconf 86' lang='lat' dir='ltr'>b)</span> <span class='ocrx_word' id='word_1_363' title='bbox 499 3962 576 4000; x_wconf 79' lang='lat' dir='ltr'>abhinc</span> <span class='ocrx_word' id='word_1_364' title='bbox 589 3963 691 4010; x_wconf 77' lang='lat' dir='ltr'>usquein</span> <span class='ocrx_word' id='word_1_365' title='bbox 704 3963 768 4010; x_wconf 77' lang='lat' dir='ltr'>finem</span> <span class='ocrx_word' id='word_1_366' title='bbox 783 3964 836 4000; x_wconf 83' lang='grc'><strong>111111·</strong></span> <span class='ocrx_word' id='word_1_367' title='bbox 850 3964 923 4001; x_wconf 80' lang='lat' dir='ltr'>omnia</span> <span class='ocrx_word' id='word_1_368' title='bbox 937 3965 960 4000; x_wconf 75' lang='lat' dir='ltr'>r&#39;n</span> <span class='ocrx_word' id='word_1_369' title='bbox 973 3973 1016 4001; x_wconf 82' lang='lat' dir='ltr'>uno</span> <span class='ocrx_word' id='word_1_370' title='bbox 1031 3963 1123 4002; x_wconf 71' lang='lat' dir='ltr'>ccciccc</span> <span class='ocrx_word' id='word_1_371' title='bbox 1136 3964 1167 4009; x_wconf 87' lang='lat' dir='ltr'>(et</span> <span class='ocrx_word' id='word_1_372' title='bbox 1181 3963 1345 4009; x_wconf 75' lang='lat' dir='ltr'>exemplaribus</span> 
     </span>
     <span class='ocr_line' id='line_1_44' title="bbox 167 4013 1344 4067; baseline 0.003 -15"><span class='ocrx_word' id='word_1_373' title='bbox 167 4016 217 4053; x_wconf 77' lang='lat' dir='ltr'>inde</span> <span class='ocrx_word' id='word_1_374' title='bbox 230 4015 345 4063; x_wconf 78' lang='lat' dir='ltr'>derivatis)</span> <span class='ocrx_word' id='word_1_375' title='bbox 359 4016 500 4056; x_wconf 76' lang='lat' dir='ltr'>contineatur.</span> <span class='ocrx_word' id='word_1_376' title='bbox 568 4017 588 4061; x_wconf 90' lang='lat' dir='ltr'>c)</span> <span class='ocrx_word' id='word_1_377' title='bbox 604 4013 787 4057; x_wconf 58' lang='lat' dir='ltr'>discernende&amp;</span> <span class='ocrx_word' id='word_1_378' title='bbox 854 4014 877 4061; x_wconf 86' lang='lat' dir='ltr'>d)</span> <span class='ocrx_word' id='word_1_379' title='bbox 892 4017 1017 4064; x_wconf 80' lang='lat' dir='ltr'>theupsrga</span> <span class='ocrx_word' id='word_1_380' title='bbox 1031 4017 1050 4057; x_wconf 96' lang='lat'>3.</span> <span class='ocrx_word' id='word_1_381' title='bbox 1118 4015 1140 4067; x_wconf 86' lang='lat' dir='ltr'>e)</span> <span class='ocrx_word' id='word_1_382' title='bbox 1153 4020 1256 4055; x_wconf 87' lang='lat' dir='ltr'>auctores</span> <span class='ocrx_word' id='word_1_383' title='bbox 1271 4020 1344 4064; x_wconf 80' lang='lat' dir='ltr'>atque</span> 
     </span>
     <span class='ocr_line' id='line_1_45' title="bbox 167 4068 1340 4120; baseline 0.003 -14"><span class='ocrx_word' id='word_1_384' title='bbox 167 4069 264 4106; x_wconf 79' lang='lat' dir='ltr'>factores</span> <span class='ocrx_word' id='word_1_385' title='bbox 278 4068 418 4110; x_wconf 78' lang='lat' dir='ltr'>Hincmarus.</span> <span class='ocrx_word' id='word_1_386' title='bbox 493 4068 588 4116; x_wconf 73' lang='lat' dir='ltr'>osicut</span> <span class='ocrx_word' id='word_1_387' title='bbox 602 4069 625 4117; x_wconf 82' lang='lat'>33</span> <span class='ocrx_word' id='word_1_388' title='bbox 648 4069 694 4107; x_wconf 87' lang='lat' dir='ltr'>sint</span> <span class='ocrx_word' id='word_1_389' title='bbox 708 4069 794 4110; x_wconf 79' lang='lat' dir='ltr'>Hincm.</span> <span class='ocrx_word' id='word_1_390' title='bbox 861 4069 883 4120; x_wconf 80' lang='lat' dir='ltr'>g)</span> <span class='ocrx_word' id='word_1_391' title='bbox 901 4070 983 4108; x_wconf 83' lang='lat' dir='ltr'>iacitur</span> <span class='ocrx_word' id='word_1_392' title='bbox 997 4070 1082 4110; x_wconf 75' lang='lat' dir='ltr'>Hirtam.</span> <span class='ocrx_word' id='word_1_393' title='bbox 1157 4069 1180 4116; x_wconf 87' lang='lat' dir='ltr'>h)</span> <span class='ocrx_word' id='word_1_394' title='bbox 1197 4069 1297 4108; x_wconf 81' lang='lat' dir='ltr'>faciente</span> <span class='ocrx_word' id='word_1_395' title='bbox 1310 4069 1340 4110; x_wconf 84' lang='grc' dir='ltr'>Η.</span> 
     </span>
     <span class='ocr_line' id='line_1_46' title="bbox 167 4120 1343 4170; baseline 0.003 -11"><span class='ocrx_word' id='word_1_396' title='bbox 167 4121 184 4160; x_wconf 83' lang='lat' dir='ltr'>il</span> <span class='ocrx_word' id='word_1_397' title='bbox 199 4120 327 4160; x_wconf 78' lang='lat' dir='ltr'>custodiaris</span> <span class='ocrx_word' id='word_1_398' title='bbox 343 4122 361 4163; x_wconf 90' lang='lat'>3.</span> <span class='ocrx_word' id='word_1_399' title='bbox 436 4121 460 4169; x_wconf 87' lang='lat' dir='ltr'>k)</span> <span class='ocrx_word' id='word_1_400' title='bbox 475 4120 614 4160; x_wconf 86' lang='lat' dir='ltr'>decretorem</span> <span class='ocrx_word' id='word_1_401' title='bbox 628 4121 648 4162; x_wconf 82' lang='lat'>3.</span> <span class='ocrx_word' id='word_1_402' title='bbox 722 4122 738 4167; x_wconf 93' lang='lat' dir='ltr'>l)</span> <span class='ocrx_word' id='word_1_403' title='bbox 753 4122 835 4163; x_wconf 86' lang='lat' dir='ltr'>cathal.</span> <span class='ocrx_word' id='word_1_404' title='bbox 848 4122 867 4163; x_wconf 85' lang='lat'>3.</span> <span class='ocrx_word' id='word_1_405' title='bbox 940 4125 971 4168; x_wconf 89' lang='lat' dir='ltr'>m)</span> <span class='ocrx_word' id='word_1_406' title='bbox 985 4123 1121 4162; x_wconf 87' lang='lat' dir='ltr'>sententiam</span> <span class='ocrx_word' id='word_1_407' title='bbox 1135 4122 1154 4165; x_wconf 87' lang='grc'>3,</span> <span class='ocrx_word' id='word_1_408' title='bbox 1222 4123 1246 4168; x_wconf 87' lang='lat' dir='ltr'>n)</span> <span class='ocrx_word' id='word_1_409' title='bbox 1260 4133 1304 4170; x_wconf 86' lang='lat' dir='ltr'>quc</span> <span class='ocrx_word' id='word_1_410' title='bbox 1320 4123 1343 4164; x_wconf 81' lang='grc'>3.</span> 
     </span>
     <span class='ocr_line' id='line_1_47' title="bbox 167 4172 1343 4224; baseline 0.001 -12"><span class='ocrx_word' id='word_1_411' title='bbox 167 4177 189 4222; x_wconf 92' lang='lat' dir='ltr'>o)</span> <span class='ocrx_word' id='word_1_412' title='bbox 202 4172 353 4214; x_wconf 72' lang='lat' dir='ltr'>indictionem</span> <span class='ocrx_word' id='word_1_413' title='bbox 368 4175 387 4216; x_wconf 82' lang='lat'>8.</span> <span class='ocrx_word' id='word_1_414' title='bbox 442 4177 465 4223; x_wconf 89' lang='lat' dir='ltr'>p)</span> <span class='ocrx_word' id='word_1_415' title='bbox 480 4172 595 4214; x_wconf 87' lang='lat' dir='ltr'>desiderat</span> <span class='ocrx_word' id='word_1_416' title='bbox 609 4175 629 4215; x_wconf 78' lang='lat'>2.</span> <span class='ocrx_word' id='word_1_417' title='bbox 683 4176 706 4223; x_wconf 80' lang='lat' dir='ltr'>q)</span> <span class='ocrx_word' id='word_1_418' title='bbox 720 4175 754 4211; x_wconf 81' lang='lat' dir='ltr'>hic</span> <span class='ocrx_word' id='word_1_419' title='bbox 768 4176 791 4212; x_wconf 78' lang='lat' dir='ltr'>in</span> <span class='ocrx_word' id='word_1_420' title='bbox 805 4179 893 4223; x_wconf 75' lang='lat' dir='ltr'>utroque</span> <span class='ocrx_word' id='word_1_421' title='bbox 907 4176 977 4213; x_wconf 78' lang='lat' dir='ltr'>codice</span> <span class='ocrx_word' id='word_1_422' title='bbox 990 4177 1090 4214; x_wconf 78' lang='lat' dir='ltr'>continuo</span> <span class='ocrx_word' id='word_1_423' title='bbox 1104 4176 1200 4224; x_wconf 68' lang='lat' dir='ltr'>sequitur</span> <span class='ocrx_word' id='word_1_424' title='bbox 1215 4185 1285 4213; x_wconf 83' lang='lat' dir='ltr'>annua</span> <span class='ocrx_word' id='word_1_425' title='bbox 1294 4175 1343 4217; x_wconf 81' lang='grc'>864.</span> 
     </span>
    </p>
   </div>
   <div class='ocr_carea' id='block_1_9' title="bbox 166 4315 1341 4440">
    <p class='ocr_par' dir='ltr' id='par_1_11' title="bbox 166 4315 1341 4440">
     <span class='ocr_line' id='line_1_48' title="bbox 167 4315 1341 4384; baseline -0.002 -15"><span class='ocrx_word' id='word_1_426' title='bbox 167 4315 194 4381; x_wconf 88' lang='grc'>1)</span> <span class='ocrx_word' id='word_1_427' title='bbox 211 4317 331 4368; x_wconf 79' lang='lat' dir='ltr'>Eandem</span> <span class='ocrx_word' id='word_1_428' title='bbox 349 4317 492 4383; x_wconf 81' lang='lat' dir='ltr'>epistulam</span> <span class='ocrx_word' id='word_1_429' title='bbox 510 4315 595 4366; x_wconf 83' lang='lat' dir='ltr'>eodem</span> <span class='ocrx_word' id='word_1_430' title='bbox 614 4322 727 4382; x_wconf 80' lang='lat' dir='ltr'>ternpore</span> <span class='ocrx_word' id='word_1_431' title='bbox 745 4317 781 4366; x_wconf 79' lang='lat' dir='ltr'>ed</span> <span class='ocrx_word' id='word_1_432' title='bbox 799 4318 930 4384; x_wconf 81' lang='lat' dir='ltr'>episcopos</span> <span class='ocrx_word' id='word_1_433' title='bbox 949 4318 1115 4369; x_wconf 80' lang='lat' dir='ltr'>occidentalis</span> <span class='ocrx_word' id='word_1_434' title='bbox 1133 4317 1212 4381; x_wconf 73' lang='grc'><strong>119111</strong></span> <span class='ocrx_word' id='word_1_435' title='bbox 1228 4317 1341 4367; x_wconf 84' lang='lat' dir='ltr'>missam</span> 
     </span>
     <span class='ocr_line' id='line_1_49' title="bbox 166 4386 724 4440; baseline 0.004 -2"><span class='ocrx_word' id='word_1_436' title='bbox 166 4387 333 4438; x_wconf 81' lang='lat' dir='ltr'>Hincmerus</span> <span class='ocrx_word' id='word_1_437' title='bbox 351 4389 380 4437; x_wconf 75' lang='lat' dir='ltr'>ire</span> <span class='ocrx_word' id='word_1_438' title='bbox 399 4388 471 4439; x_wconf 78' lang='lat' dir='ltr'>Ana.</span> <span class='ocrx_word' id='word_1_439' title='bbox 491 4386 594 4440; x_wconf 77' lang='lat' dir='ltr'>Bertirr.</span> <span class='ocrx_word' id='word_1_440' title='bbox 613 4386 724 4440; x_wconf 75' lang='lat' dir='ltr'>exbibet.</span> 
     </span>
    </p>
   </div>
   <div class='ocr_carea' id='block_1_10' title="bbox 0 0 1496 4934">
    <p class='ocr_par' dir='ltr' id='par_1_12' title="bbox 0 0 1496 4934">
     <span class='ocr_line' id='line_1_50' title="bbox 0 0 1496 4934; baseline 0 0"><span class='ocrx_word' id='word_1_441' title='bbox 0 0 1496 4934; x_wconf 95' lang='lat' dir='ltr'> </span> 
     </span>
    </p>
   </div>
  </div>
 </body>
</html>
