2978 4934
358 422 537 477 AUCTORE
556 422 766 478 EINHARDO.
802 421 838 478 A.
857 425 1007 479 eal-825.
1233 426 1268 478 23

98 601 223 653 missum
251 601 346 653 relicta
374 599 459 653 Siscia
486 600 595 653 civitate
626 599 660 652 ad
688 599 820 665 Sorabos,
852 599 906 666 qui
937 616 1065 668 magnam
1092 598 1265 651 Dalmatiaea

98 675 205 739 partem
225 671 348 724 obtinere
367 671 517 737 dicuntur,
536 671 665 740 fugiendo
685 688 712 723 se
732 671 854 737 contulit,
874 669 976 722 cumb
999 671 1132 723 iterum
1152 670 1187 721 in
1204 668 1268 721 Dal-

99 746 198 794 matas
229 742 263 794 ad
288 741 514 794 Liudemuhslum
545 741 708 795 avunculum
732 741 859 793 Bornae⁰
890 741 965 793 ducis
996 741 1175 808 pervenisset,
1206 740 1431 793 dolcauauread.

99 813 181 880 ipsius
200 811 358 878 interfectus
377 816 440 868 est.
530 812 592 865 Hoc
611 829 682 864 anno
701 811 826 880 prodigia
844 809 999 878 quaedamd
1020 811 1139 864 extitisse
1158 828 1269 863 narran-

99 890 152 950 tur,
179 884 207 935 in
232 884 330 950 quibus
355 883 520 950 praecipuae
544 883 656 936 fuerunt
680 883 709 935 in
727 882 857 949 Aquense
882 882 983 950 palatio
1001 880 1111 935 terraef
1132 885 1223 934 motus
1243 885 1270 934 et

99 956 128 1006 in
146 954 283 1006 territorio
303 953 432 1006 Tullense
451 954 527 1005 iuxta
544 954 636 1006 villam
649 953 882 1006 Commerciacum
900 954 991 1020 puella
1009 951 1164 1020 quaedamd
1186 968 1270 1004 anno·

99 1043 161 1077 rum
174 1025 231 1077 fere
244 1024 387 1077 duodecim
406 1025 439 1076 ab
453 1024 527 1076 omni
541 1025 601 1078 cibo
614 1041 663 1091 per
676 1024 770 1077 decem
783 1041 889 1077 menses
908 1024 1046 1076 abstinens
1065 1027 1093 1077 et
1110 1023 1138 1074 in
1152 1022 1270 1077 Saxonia

100 1097 128 1149 iu
146 1113 225 1164 pago,
245 1096 292 1162 qui
304 1099 417 1148 vocatur
429 1094 567 1161 Firihsazi,
586 1094 689 1148 XXHI
701 1095 806 1148 villae&
829 1095 891 1164 igne
910 1093 1039 1148 caelestih
1057 1092 1262 1147 concremataei

101 1172 129 1220 et
147 1165 275 1236 fulgorak
297 1183 391 1218 sereno
418 1170 500 1233 atque
525 1165 644 1218 interdiu
670 1165 704 1217 de
730 1164 822 1218 caelol
848 1165 981 1218 cadentia.
1016 1164 1055 1219 Et
1079 1165 1107 1216 iu
1132 1165 1269 1217 territorio

101 1237 270 1290 Cometensi
296 1236 392 1289 Italiae
400 1247 424 1277 ¹11
452 1236 567 1289 civitatis
599 1237 628 1287 in
655 1237 714 1289 vico
743 1235 932 1289 Grabadonan
964 1237 992 1287 in
1020 1236 1151 1288 ecclesia0
1184 1235 1271 1288 sancti

100 1308 230 1361 Iohannis
248 1308 409 1374 baptistael)
432 1307 522 1375 imago
542 1311 672 1360 sanctaeu
693 1306 798 1359 Mariae
817 1324 932 1374 puerum
951 1306 1043 1359 Iesum
1061 1307 1165 1376 gremio
1184 1306 1270 1359 conti·

101 1379 209 1431 nentisr
237 1396 268 1431 ac
294 1395 437 1446 magorum
462 1395 576 1430 munera
595 1377 767 1431 offerentium
791 1378 819 1429 in
838 1378 949 1431 absida⁸
974 1377 1094 1430 eiusdem
1118 1377 1264 1430 ecclesiaet

102 1450 209 1516 depicta
228 1454 255 1502 et
274 1450 308 1501 ob
328 1449 439 1501 nimiam
456 1452 619 1501 vetustatem
639 1450 782 1501 obscurata
801 1453 829 1501 et
846 1466 916 1515 pene
935 1449 1035 1501 abolita
1053 1452 1131 1500 tanta
1149 1448 1270 1501 claritate

101 1538 150 1588 per
168 1521 284 1571 duorum
304 1520 409 1572 dierum
428 1520 515 1586 spatia
533 1519 641 1586 effulsit,
667 1523 696 1571 ut
721 1536 830 1572 omnem
853 1519 1025 1586 splendorem
1044 1536 1131 1571 novae
1149 1519 1271 1586 picturae

101 1608 165 1644 suae
177 1591 318 1643 vetustatis
336 1590 558 1657 pulchritudineu
580 1590 752 1643 cernentibus
768 1590 876 1657 penitus
888 1591 997 1643 vincere
1009 1589 1160 1656 videretur3
1178 1606 1271 1659 mago·

101 1679 162 1714 rum
181 1665 274 1713 tamen
292 1662 423 1730 imagines
441 1665 570 1728 praeterv
591 1678 713 1725 munera,
733 1677 802 1727 quae
821 1660 981 1727 offerebant,
1004 1661 1145 1713 minimeW
1164 1660 1271 1713 claritas

101 1734 147 1784 illa
172 1733 352 1786 inradiavitx.
388 1732 426 1784 Et
447 1732 476 1783 in
498 1731 590 1784 multis
615 1731 771 1799 regionibus
798 1731 898 1801 [fruges
907 1732 936 1801 y]
962 1731 1102 1800 grandinis
1120 1731 1271 1783 vastatione

102 1804 226 1856 deletaez
254 1807 336 1869 atque
358 1803 387 1854 in
410 1803 572 1869 quibusdam
594 1803 660 1855 locis
679 1802 758 1854 simul
777 1819 839 1854 curn
857 1803 916 1870 ipsa
933 1802 1066 1870 grandine
1088 1803 1145 1855 veri
1167 1802 1271 1868 lapides

102 1879 183 1940 atque
201 1874 319 1942 ingentis
337 1873 464 1940 ponderis
483 1873 608 1926 decidere
625 1873 684 1927 visi.
721 1872 824 1925 Domus
848 1889 956 1940 quoque
982 1874 1016 1926 de
1035 1873 1132 1926 caelo3
1157 1871 1266 1925 tactaeb

101 1945 279 2010 hominesque
305 1960 336 1996 ac
362 1947 452 1996 cetera
478 1945 603 1996 animalia
628 1944 728 2011 passim
753 1943 898 1996 fulminum
922 1944 980 1996 ictu
1003 1947 1130 2011 praeterc
1161 1943 1271 1995 solitum

102 2017 198 2068 crebro
218 2015 372 2067 exanimata
390 2015 524 2068 dicuntur.
562 2013 663 2068 Secuta
682 2018 723 2067 est
740 2015 836 2084 ingens
857 2014 1011 2082 pestilentia
1029 2019 1111 2081 atque
1129 2014 1271 2066 hominum

102 2086 252 2139 mortalitas
271 2103 405 2154 magna.

208 2154 450 2210 DOGCXXHH.d
478 2155 539 2208 Rex
551 2155 753 2223 Burgarorume
771 2155 904 2224 Omortag
922 2155 996 2222 pacis
1008 2154 1169 2208 faciendaef
1184 2154 1311 2224 gratiaib.

103 2227 138 2280 ad
156 2227 348 2294 imperatorem
366 2227 470 2294 legatos
490 2230 524 2278 et
541 2227 684 2278 litterass
706 2227 791 2292 misit3
816 2244 883 2294 quos
902 2243 964 2279 rex
982 2226 1108 2278 auditos
1127 2225 1272 2278 remisit

104 2303 137 2351 et
163 2315 239 2350 cum
265 2298 316 2350 eis
341 2295 551 2350 Machelmumh
579 2297 612 2348 de
631 2296 756 2350 Baioaria
782 2297 816 2349 ad
841 2300 1022 2350 memoratum
1047 2314 1140 2365 regem
1164 2296 1271 2350 direxit.

102 2367 312 2421 Paschalisi
337 2385 428 2435 papa
447 2367 644 2421 defunctus
664 2372 696 2420 et
713 2367 852 2437 Eugenius
871 2385 929 2435 pro
949 2385 985 2420 eo
1004 2366 1174 2435 pontifex
1194 2383 1271 2419 eon-

103 2440 246 2492 stitutus
270 2443 317 2491 est.
354 2438 562 2506 Imperator
580 2438 756 2491 Hlotharium
775 2438 861 2490 filium
887 2455 986 2490 suum
1011 2437 1052 2490 ad
1077 2435 1269 2489 iustitiask

103 2509 295 2562 faciendas
313 2509 431 2562 Romam
450 2508 548 2563 misit.
579 2507 642 2576 lpse
662 2526 737 2562 cum
757 2509 925 2561 exercitu
941 2505 1155 2560 Brittanniaml
1176 2507 1272 2574 petit

104 2581 281 2647 divisisque
300 2580 329 2631 in
347 2585 401 2633 tres
420 2583 510 2648 partes
530 2580 647 2646 copiis
667 2583 753 2632 totam
767 2579 839 2632 ferro
857 2583 885 2632 et
896 2579 982 2648 ignim
996 2579 1125 2631 devastat
1143 2577 1272 2645 acceptis·

104 2669 169 2718 que
189 2668 205 2703 a
222 2650 326 2719 perfido
345 2651 523 2704 Brittonumn
545 2651 654 2717 populo,
681 2668 747 2718 quos
770 2651 959 2718 imperaverat,
985 2649 1123 2702 obsidibus
1148 2665 1272 2702 reversus

105 2744 152 2795 est.
189 2739 252 2792 Hoc
265 2756 336 2792 anno
355 2728 518 2792 hiems0·1
534 2747 654 2811 aspera
670 2730 705 2790 et
720 2727 821 2790 valde
837 2726 970 2810 prolixa
987 2725 1082 2789 facta
1098 2729 1159 2802 est,
1185 2745 1272 2807 quae

103 2837 174 2879 non
197 2816 308 2878 solum
332 2815 504 2891 animalia,
528 2835 647 2879 verum
671 2816 776 2879 etiam
799 2815 955 2879 homines
976 2815 1141 2896 quosdam
1156 2814 1272 2877 imma·

103 2905 215 2967 nitate
238 2903 376 2986 frigoris
400 2903 557 2968 extinxit.
601 2916 676 2968 Ante
695 2915 865 2968 solstitiumu
894 2932 1036 2982 quoque
1061 2914 1154 2982 paucis
1177 2914 1273 2967 diebus

104 2987 133 3038 in
160 2986 297 3038 territorio
325 2986 611 3056 Augustadunensei
644 3004 706 3040 aere
732 2987 761 3038 in
788 2991 979 3053 tempestatem
1006 2985 1095 3038 subita
1121 2985 1273 3038 mutatione

104 3074 234 3110 converso
259 3057 355 3126 ingens
380 3057 564 3127 fragmentum
590 3074 624 3110 ex
646 3058 752 3127 glacier
776 3057 855 3110 simul
879 3075 941 3111 cum
967 3057 1117 3126 grandine⁸
1142 3056 1274 3108 decidisse

104 3127 318 3195 perhibetur,
344 3128 419 3181 euius
437 3128 579 3195 longitudo
599 3129 801 3195 quindenum,
827 3128 943 3180 latitudo
962 3127 1099 3195 septemt,
1124 3126 1272 3180 crassitudo

104 3199 240 3250 duorum
259 3197 374 3265 pedum
393 3199 488 3250 fuisse
507 3199 615 3254 dicitur.

209 3267 396 3324 DCCCXXV.
426 3268 553 3322 lterum
567 3286 626 3322 rex
637 3268 840 3338 Bulgarorumu
857 3269 940 3321 alios
958 3269 1062 3336 legatos
1077 3267 1116 3320 ad
1128 3268 1314 3334 imperato-io.

103 3356 171 3391 rem
190 3339 292 3405 misit,
313 3339 346 3393 de
363 3340 486 3392 terminis
504 3339 685 3393 videlicet
703 3357 734 3392 ac
748 3339 847 3392 finibus
860 3340 932 3391 iuter
943 3339 1063 3392 Francos
1076 3342 1104 3390 et
1115 3337 1270 3404 Bulgarosv

104 3410 307 3465 constituendis.
339 3409 477 3478 Quibus
496 3427 558 3462 rex
577 3411 688 3462 auditis
706 3427 756 3477 per
768 3410 885 3475 eosdem,
905 3410 952 3475 qui
965 3409 999 3461 ad
1018 3425 1053 3461 se
1070 3408 1144 3459 missi
1157 3408 1273 3474 fueraut,

93 3481 207 3548 'legatos
232 3481 291 3549 regi
317 3498 412 3534 eorum
437 3481 524 3533 missis
550 3481 684 3546 litterisw‚
709 3485 792 3548 prout
815 3480 967 3545 videbatur,
992 3478 1140 3546 respondit.
1177 3477 1273 3530 Wiho·

104 3643 126 3688 a)
141 3638 250 3679 dalmacie
264 3641 282 3682 3.
329 3641 353 3688 b)
367 3646 390 3680 et
404 3642 464 3684 codd.
510 3634 532 3688 a)
546 3641 621 3679 Borne
635 3641 654 3682 3.
702 3639 725 3686 d)
740 3637 835 3689 quedam
849 3640 868 3681 3.
917 3641 938 3686 e)
952 3637 1060 3687 precipua
1075 3641 1094 3682 1.
1148 3640 1239 3686 Dterre
1254 3640 1274 3680 3.

104 3696 126 3742 g)
141 3694 194 3733 ville
208 3695 227 3735 3.
275 3695 298 3740 h)
314 3694 392 3733 celesti
406 3695 425 3736 3.
473 3695 488 3742 i)
505 3698 646 3733 concremate
660 3694 679 3735 3.
727 3693 750 3742 k)
764 3694 853 3741 fulgura
867 3693 914 3735 1.2.
962 3692 1074 3739 300103.
1114 3694 1144 3740 m)
1158 3693 1233 3749 italicp
1248 3693 1272 3740 2;

105 3746 181 3786 italica
195 3747 214 3788 3.
275 3750 299 3794 n)
313 3745 443 3795 gradabona
457 3748 517 3788 codd.
572 3749 594 3793 ο)
608 3746 663 3802 9ch
677 3748 695 3787 1.
710 3747 730 3786 2.
785 3749 808 3795 p)
822 3746 920 3794 baptiste
934 3746 954 3787 3,
1008 3749 1031 3795 q)
1045 3745 1082 3784 sce
1096 3746 1115 3786 3.
1169 3747 1188 3792 r)
1203 3745 1274 3784 eonti-

104 3810 160 3838 nens
175 3800 235 3842 codd.
299 3804 318 3849 s)
332 3799 397 3839 bsida
410 3801 429 3842 2.
493 3803 510 3847 t)
525 3799 578 3856 eccl.
593 3802 611 3842 1.
626 3800 649 3850 2;
671 3799 731 3838 eccle
746 3800 765 3842 3.
826 3801 848 3847 ιι)
863 3796 1032 3854 pulchritudine
1047 3801 1065 3840 1.
1126 3800 1149 3845 v)
1164 3802 1240 3846 preter
1255 3800 1273 3838 1.

104 3855 135 3899 w)
149 3853 233 3891 minine
248 3853 267 3895 3.
329 3853 474 3900 x)irr.1.2.
537 3856 560 3903 y)
574 3853 631 3891 decet
644 3853 667 3890 in
681 3853 741 3893 codd.
803 3855 823 3899 z)
837 3851 925 3908 delecte
939 3855 963 3900 1;
985 3850 1059 3891 delete
1072 3852 1092 3893 3.
1155 3854 1176 3897 a)
1191 3851 1240 3890 celo
1254 3851 1274 3893 3.

104 3905 127 3951 b)
143 3908 202 3944 tacte
216 3906 235 3947 3.
277 3907 297 3952 c)
311 3910 388 3954 preter
402 3908 420 3946 l.
430 3907 449 3947 3.
491 3903 513 3953 d)
523 3905 675 3945 Dcccxxm
688 3906 712 3943 in
721 3917 791 3953 murp.
801 3908 820 3947 1.
860 3908 881 3952 e)
895 3906 1012 3954 uulgarum
1022 3908 1040 3947 1.
1050 3905 1070 3946 2.
1110 3902 1240 3952 Osaciendi
1254 3904 1273 3942 3.

104 3961 127 4006 g)
141 3959 218 3997 literas
234 3960 252 4000 1.
306 3960 330 4005 h)
344 3960 493 4007 maghelmum
507 3960 526 4001 3.
579 3960 595 4006 i)
610 3958 705 4008 pascalis
720 3959 739 4000 3.
793 3959 816 4005 k)
832 3959 933 3998 iusticias
948 3961 966 3999 1.
976 3959 995 4001 2.
1045 3958 1061 4005 l)
1075 3958 1210 3997 britanniam
1226 3959 1244 3999 1.
1254 3958 1274 4000 2.

105 4012 135 4057 m)
149 4012 201 4060 igne
217 4014 235 4053 1.
249 4012 268 4053 2.
322 4015 346 4059 n)
360 4013 473 4051 britonum
489 4014 507 4054 1.
522 4012 541 4054 2.
600 4015 621 4060 c)
635 4012 722 4062 hiemps
737 4013 755 4052 2.
770 4012 789 4054 3.
850 4014 873 4060 p)
886 4012 1010 4051 solsticium
1025 4011 1043 4052 3.
1058 4011 1076 4052 3.
1131 4013 1274 4060 anugusta-

105 4063 206 4103 dunense
221 4075 278 4106 corr.
292 4063 490 4113 augustvdunense
505 4065 524 4107 2,
572 4066 591 4111 ι’)
606 4066 672 4104 clatie
686 4066 705 4106 3.
753 4067 772 4112 s)
786 4062 883 4113 gaudine
897 4065 917 4107 3.
965 4067 982 4112 t)
997 4068 1114 4113 septenum
1128 4065 1146 4105 3.
1187 4067 1210 4111 ιι)
1225 4064 1274 4102 uul·

104 4128 183 4166 garum
198 4120 216 4160 1.
231 4119 252 4157 2.
307 4121 330 4165 v)
344 4119 448 4166 uulgatus
463 4121 481 4158 1.
495 4118 514 4159 2.
568 4120 597 4165 w)
612 4118 683 4158 literis
699 4120 718 4160 1.

106 4241 132 4306 1)
149 4240 222 4291 Haec
240 4247 264 4292 et
281 4241 340 4291 alia
355 4241 479 4308 plurima
496 4256 595 4306 eoram,
615 4258 681 4308 quae
699 4242 733 4292 ab
750 4241 798 4292 hoc
815 4256 887 4292 anno
906 4257 924 4291 α
943 4239 1163 4291 Laureansdus
1180 4241 1274 4306 aliqua

104 4327 138 4362 ex
159 4318 238 4378 parte
263 4313 444 4378 discrepantia
469 4314 649 4377 inmoriuntur,
680 4313 795 4377 fortasse
819 4327 852 4362 ex
877 4313 1027 4377 antiquiore
1051 4310 1099 4361 illo
1124 4311 1275 4361 Annalium

105 4381 279 4434 Sithiensium
297 4383 446 4450 acemplari
460 4384 544 4450 petita
562 4390 632 4448 sunt,
652 4384 684 4433 de
701 4398 752 4449 quo
770 4399 855 4449 supra
873 4383 910 4433 ad
924 4397 950 4435 a.
963 4383 1024 4435 817.
1042 4381 1197 4431 mationem
1215 4382 1274 4446 feci.
