2978 4934
155 405 191 457 so
421 397 512 456 ANN.
529 398 638 454 sunu.
656 396 756 453 elus
775 397 1062 469 11.(ruuonusrs>

155 594 225 645 mus,
250 576 298 629 sed
322 579 435 645 propter
460 579 634 629 contumaces
653 576 732 629 eam¹
751 575 849 628 iterato
868 574 1047 628 anathematis
1066 573 1194 626 dammas
1211 574 1323 628 vinculis

156 648 348 703 innodandam.
385 645 449 700 sita
470 647 554 716 igitur
572 646 683 700 aPatre
702 650 730 699 et
748 644 817 698 Filio
837 650 866 699 et
883 645 1001 713 Spiritu
1019 648 1121 711 sancto,
1140 662 1196 698 uuo
1215 648 1244 698 et
1260 657 1402 706 vereratur.

155 719 223 785 Deo,
250 722 277 772 at
303 718 337 770 ab
362 718 488 770 omnibus
510 718 608 771 sanctis
627 717 749 785 patribus
769 717 849 769 stab
867 716 993 770 universa
1011 719 1104 770 sancta
1122 715 1174 769 Dei
1193 716 1325 770 catholica

156 794 184 842 et
203 789 350 857 apostolica
368 789 481 842 ecclesia
500 792 528 842 et
546 805 562 841 a
580 788 658 841 nobis
676 787 784 855 penitus
803 787 949 840 anathema
967 804 1030 840 oum
1043 787 1168 840 omnibus
1188 787 1324 854 complici·

155 860 214 928 bus,
234 860 510 913 communicatoribus
525 863 607 926 atque
620 859 824 912 auxiliatoribus
843 858 911 910 suis:
929 858 969 910 ita
987 860 1025 925 ut,
1043 857 1114 911 sicut
1131 857 1187 910 iam
1206 857 1323 912 decrevi·

155 948 224 998 mus,
243 930 266 983 si
284 931 343 998 quis
363 931 388 984 ei
407 931 608 984 communicare
626 931 670 983 vel
688 929 779 982 favere
797 928 826 981 in
845 929 935 995 aliquo
953 926 1204 997 praesumpseritb,
1226 929 1250 981 si
1268 928 1324 996 qui·

155 1001 218 1054 dem
247 1002 360 1055 clericus
387 1001 478 1068 fuerit,
506 1002 554 1053 ine
585 1001 682 1054 eodem
709 1000 817 1053 vinculo
845 1000 1007 1053 constrictus
1035 997 1155 1052 officium
1183 999 1324 1053 clericatus

155 1073 272 1140 amittat,
290 1072 417 1126 monachi
435 1088 500 1125 vero
519 1075 548 1125 et
566 1072 635 1139 laici,
657 1071 680 1124 si
697 1070 884 1124 inobedientes
903 1070 1013 1124 decreto
1031 1068 1192 1136 praesentib
1216 1069 1324 1136 fuerint,

155 1144 279 1196 similiter
297 1142 568 1197 anathematizentur.
605 1141 678 1195 Sane
696 1142 719 1194 si
737 1141 832 1194 eadem
851 1141 949 1194 mulier
966 1140 1001 1193 ad
1013 1141 1102 1193 virum
1120 1157 1201 1194 suum
1218 1158 1325 1195 reversa

155 1214 238 1266 fuerit
261 1215 306 1267 val
329 1213 506 1283 apostolicam
530 1212 605 1266 beati
624 1211 701 1266 Petri
725 1212 818 1266 sedem
836 1211 955 1266 Romam
979 1227 1128 1280 properans
1150 1210 1324 1280 accesseritd,

154 1285 263 1337 veniam
291 1284 316 1338 ei
343 1288 405 1352 post
432 1283 543 1354 dignam
571 1282 782 1337 satisfactionem
812 1283 908 1351 procul
935 1282 1018 1335 dubio
1045 1297 1102 1334 non
1128 1282 1325 1352 negabimus.

154 1353 375 1408 Verumtamenf
398 1355 448 1407 sub
472 1353 559 1423 priori
582 1353 690 1408 vinculo
716 1353 904 1420 anathematis,
929 1370 983 1420 quo
1008 1353 1082 1405 illam
1106 1353 1182 1421 prius
1208 1357 1236 1406 et
1254 1369 1325 1407 nunc

155 1426 343 1493 obligavimus,
369 1424 479 1478 interim
504 1425 651 1478 constricta
675 1427 843 1492 permaneat.
880 1423 911 1477 Si
935 1424 994 1492 quis
1020 1427 1112 1477 autem
1133 1423 1223 1477 eidem
1241 1423 1325 1493 Ingil-

155 1496 288 1549 drudaett
310 1495 486 1563 apostolicam
504 1495 579 1548 beati
597 1494 674 1549 Petri
691 1496 784 1549 sedem
802 1494 921 1549 Romam
939 1494 1089 1563 spetialiter
1106 1496 1266 1564 properanti
1282 1495 1325 1549 vel

156 1566 311 1619 occurrenti
336 1566 441 1619 nescius
466 1566 709 1620 communicaverit
734 1569 782 1620 aut
803 1565 890 1619 sciens
914 1582 994 1633 opem
1012 1565 1042 1618 in
1059 1565 1194 1620 veniendo
1213 1566 1325 1634 praesti-

156 1637 228 1703 terit,
247 1637 322 1689 nullo
340 1653 391 1704 pro
409 1638 462 1691 hoo
480 1638 588 1692 viuculo
607 1639 733 1691 tencatur
751 1634 902 1692 innexush.

155 1777 205 1830 DE
234 1776 457 1833 SENTENOIIS
484 1777 614 1848 ATQUE
641 1776 888 1904 ΙἚἸᾹΕὲΒΒέΟΤΙΞ
916 1776 1024 1832 sums
1048 1770 1324 1834 'Arosromclu

263 1935 293 1990 Si
318 1936 377 2003 quis
402 1936 539 2005 dogmata,
564 1937 702 2005 mandata,
726 1936 880 2005 interdicta,
905 1935 1057 1990 sanctiones
1076 1936 1119 1990 vel
1141 1935 1252 1990 decreta
1275 1954 1325 2006 pro

157 2005 307 2060 catholicai
332 2005 395 2073 fide,
420 2024 470 2075 pro
490 2007 670 2061 ecclesiastica
688 2007 838 2075 disciplina,
863 2024 913 2075 pro
932 2006 1101 2061 correctione
1119 2005 1250 2075 fidelium,
1275 2024 1325 2076 pro

157 2078 347 2132 emendatione
377 2077 571 2132 sceleratorum
595 2079 640 2132 vel
665 2078 855 2132 interdictione
886 2077 1077 2131 inminentium
1101 2079 1146 2131 vel
1170 2078 1326 2132 futurorum

156 2149 291 2202 maiorum
304 2165 320 2201 a
332 2148 402 2201 sedis
415 2148 601 2218 apostolicaek
615 2147 759 2218 praesuleb
776 2149 920 2202 salubriter
937 2149 1111 2217 promulgata
1124 2149 1325 2217 contempserit,

156 2222 301 2274 anathema
319 2220 361 2272 sit.

262 2367 423 2451 Episcopi
438 2387 518 2431 vero
535 2367 732 2450 supradicti,
757 2369 939 2450 postquam
955 2366 1111 2429 damnati
1127 2369 1218 2443 sunt,
1240 2368 1325 2431 haec

154 2456 440 2540 rescripserunti:

263 2555 344 2609 OAP.
363 2555 387 2612 Ι.
424 2554 556 2610 Nicoiaol
580 2554 704 2625 pontifici
723 2553 898 2607 Gundharius
917 2556 999 2622 atque
1018 2553 1219 2625 Theobgaudus.

262 2627 358 2679 Patres
377 2627 497 2696 episcopi
516 2630 544 2680 et
561 2625 658 2679 fratres
677 2625 831 2694 coepiscopi
849 2626 935 2678 nostri
954 2625 989 2678 ad
1006 2628 1034 2678 te
1053 2642 1102 2678 nos
1121 2625 1280 2678 direxerunt
1298 2629 1326 2679 et

155 2713 204 2748 nos
222 2702 320 2779 ¹sponte
338 2697 435 2750 ivimus
442 2709 486 2779 ¹11,
500 2698 641 2779 consulere
658 2696 785 2750 videlicet
803 2697 932 2778 expletan
954 2695 1075 2766 generali
1093 2695 1229 2778 legatione
1247 2701 1326 2778 tuum

155 2767 1325 2906 tistitusdiscutiit,ttittttitttiitttttitit?

155 2926 222 2975 quas
241 2909 327 2962 secuti
344 2908 453 2973 fuimus,
472 2908 578 2976 scriptis
597 2908 778 2975 ostendentes,
797 2912 829 2960 ut
845 2912 894 2961 tua
906 2908 1038 2977 sapientia
1049 2909 1225 2976 perscrutatis
1237 2909 1324 2962 omni-

154 2980 213 3046 bus,
241 2979 307 3046 quid
334 2978 398 3032 inde
425 2979 560 3033 sentiresi
589 2983 617 3031 et
641 2979 707 3046 quid
730 2979 826 3047 velles,
854 2980 932 3033 nobis
958 2983 1093 3048 patern0⁰
1123 2979 1324 3033 demonstrares

155 3049 276 3103 affectur
298 3066 401 3117 nosque
419 3049 540 3103 fraterna
553 3050 665 3103 caritate
683 3066 855 3119 procurarem
875 3054 903 3103 et
920 3050 943 3102 si
960 3051 1056 3104 melius
1074 3050 1141 3103 illud
1159 3054 1208 3103 tua
1225 3051 1324 3104 sancti·

155 3124 196 3172 tas
223 3120 366 3188 inveniret,
394 3124 424 3173 ut
451 3137 500 3173 nos
528 3120 674 3174 instrueres
702 3125 730 3174 et
757 3121 876 3189 doceres,
905 3121 1081 3190 subpliciter⁸
1114 3121 1323 3187 obsecravimus,

154 3191 250 3258 parati,
270 3191 399 3258 quicquid
417 3192 517 3245 rectius
536 3196 564 3244 et
580 3191 758 3261 probabiliter
775 3190 958 3258 insinuaresd,
980 3191 1114 3246 libentert
1139 3192 1275 3260 amplecti.

262 3261 344 3318 OAP.
362 3262 402 3319 Π.
439 3261 494 3317 Sed
519 3280 568 3316 nos
592 3280 643 3332 per
664 3266 720 3315 tres
739 3262 903 3330 epdomadas
922 3266 1000 3314 tuum
1019 3266 1193 3332 expectantes
1211 3280 1323 3330 respon-

154 3351 222 3401 sum,
241 3334 280 3386 nil
298 3333 467 3387 certitudinis
484 3333 606 3401 nihilque
623 3333 784 3388 doctrinaeu
805 3334 884 3387 nobis
897 3333 1082 3402 expressistiV3
1100 3337 1237 3386 tantumW
1256 3350 1322 3400 quo·

154 3404 217 3456 dam
236 3405 280 3458 die
298 3405 327 3457 in
340 3406 471 3474 publicox
488 3405 580 3458 dixisti
597 3422 647 3458 nos
665 3404 858 3458 excusabilest'
874 3421 1005 3473 apparere
1024 3409 1053 3460 ct
1069 3404 1228 3458 innocentes
1246 3404 1323 3458 iuxta

154 3475 239 3528 nostri
257 3477 437 3530 assertionesz
460 3476 552 3532 libelli.

153 3637 175 3686 a)
190 3636 227 3675 Fit
240 3637 259 3678 3.
313 3637 336 3684 b)
350 3647 408 3685 pres.
423 3637 441 3678 3.
496 3638 516 3684 c)
531 3637 627 3678 deestH
682 3633 705 3686 d)
719 3635 802 3683 ttaH,;
816 3636 872 3674 deest
886 3635 905 3678 ³.
959 3637 980 3682 e)
995 3632 1154 3683 denegabimus
1169 3634 1197 3676 H.
1252 3635 1322 3682 five·

153 3694 273 3728 ruutamen
287 3690 305 3730 3.
372 3687 540 3738 g>1ngildrude
555 3690 574 3731 3.
641 3689 667 3736 h)
679 3699 781 3728 annexus
795 3688 824 3729 H.
887 3688 904 3735 l)
918 3685 1029 3727 catdolica
1043 3688 1061 3730 3.
1126 3687 1288 3736 mammolino
1303 3689 1322 3729 3.

153 3742 169 3788 1)
184 3743 276 3782 Nicalao
291 3743 310 3784 ³.
357 3745 387 3790 m)
401 3743 482 3782 ibimus
496 3743 521 3792 3;
535 3742 638 3782 vonimus
652 3742 680 3783 H.
728 3743 752 3788 ιι)
767 3741 826 3790 expl.
840 3752 860 3789 g.
874 3740 916 3789 lag.
932 3742 975 3783 das.
989 3741 1018 3783 H.
1065 3743 1088 3788 o)
1102 3751 1146 3790 que
1160 3741 1179 3782 3.
1227 3744 1250 3790 p)
1265 3752 1285 3782 a.
1300 3745 1322 3780 et

153 3796 331 3844 approbantibus
345 3795 374 3836 H.
435 3797 458 3844 q)
472 3795 567 3834 sentiret
581 3826 586 3837 .
603 3825 609 3838 .
623 3795 692 3835 vellat
706 3825 711 3836 .
727 3825 732 3836 .
747 3792 912 3833 demonstraret
925 3794 954 3836 H.
1008 3795 1027 3841 r)
1041 3793 1079 3836 aff.
1093 3815 1119 3822 -
1133 3803 1221 3842 procur.
1236 3795 1279 3835 das.
1293 3794 1322 3836 H.

153 3851 172 3893 s)
187 3847 236 3890 doc.
249 3849 299 3896 hoc,
315 3847 431 3886 humiliter
444 3848 581 3897 postulamus
596 3849 624 3890 H.
681 3850 698 3895 t)
713 3858 758 3886 una
773 3858 823 3886 cum
838 3847 987 3886 confratribus
1002 3847 1085 3887 nostris
1099 3847 1159 3886 sanis
1174 3844 1322 3894 adquiescere

153 3899 293 3940 documentis
308 3900 336 3941 H.
396 3903 420 3947 ιι)
434 3899 537 3940 doctrino
551 3901 570 3942 3.
623 3903 647 3948 v)
662 3900 782 3958 exprpsisti
796 3901 815 3943 3.
869 3901 899 3948 w)
913 3898 953 3940 sad
968 3904 1055 3940 tantum
1069 3901 1098 3943 Η,
1158 3899 1182 3950 x)
1198 3900 1288 3939 bubiico
1303 3901 1322 3942 3.

152 3956 176 4004 y)
192 3953 346 3993 excausabilss
360 3953 380 3994 3.
433 3953 454 4005 z)
468 3951 619 3993 adsertionem
633 3954 661 3995 H.

154 4079 180 4143 1)
197 4077 339 4128 Nicolaum
358 4075 557 4129 contumaciam
575 4077 657 4128 scribi
674 4077 786 4128 coluisse
803 4083 930 4144 apparet·
948 4078 993 4128 sed
1010 4093 1069 4128 cum
1084 4078 1165 4128 etiam
1177 4077 1325 4128 Hincmars'

152 4150 231 4200 coclea
250 4151 264 4201 1
285 4149 488 4213 (Bertinicnus)
507 4150 682 4199 contumaces
701 4163 761 4198 eam
780 4148 909 4213 exhibeat,
935 4147 982 4198 hoc
1000 4148 1122 4199 mendum
1140 4149 1170 4198 in
1188 4150 1250 4214 ipsa
1267 4149 1323 4215 epi-

152 4221 224 4270 stula
242 4220 347 4271 radetur
362 4220 452 4282 fcisse.
508 4220 535 4282 2)
553 4219 674 4270 Ecrtdetrt
693 4219 748 4282 fere
766 4219 908 4286 epistulam
923 4220 1093 4285 praefatione
1104 4225 1211 4269 auctam
1225 4220 1324 4286 paucis

152 4292 263 4342 arctatis
287 4291 324 4341 od
348 4292 480 4357 episcopos
504 4291 582 4354 rapiti
606 4289 736 4341 Letharia'
765 4292 911 4351 miserunt·
940 4305 1020 4355 quom
1044 4290 1211 4340 Hincmarus
1239 4295 1324 4341 totam

150 4363 254 4428 recepit.
