2978 4934
225 381 260 434 14
492 377 583 434 ANN.
602 377 711 435 FULD.
728 377 830 432 PARS
848 377 872 434 I.
889 376 1130 448 (SELIGENST.)

223 554 320 622 piens
342 557 430 607 totam
448 552 595 607 Saxoniam
614 553 686 606 inter
703 552 799 606 Albim
817 556 845 607 et
863 553 1024 623 Visurgim
1049 553 1206 622 populando
1231 555 1397 624 peragravit.

225 624 512 678 Transalbianos
565 641 603 677 er
628 622 776 677 Eburisum
804 624 925 693 legatum
952 641 1045 677 auum
1073 628 1108 679 et
1135 624 1395 679 Thrnuehonema

224 696 322 749 ducem
340 641 558 748 Αἱιοᾱιίιοιιιιιιζ
581 695 616 747 in
636 695 760 762 proelioe
783 695 876 763 vicit,
903 693 1020 748 caesisd
1045 695 1074 748 in
1097 696 1158 749 loco
1181 697 1397 750 certaminis

224 765 508 834 quatuormilibus,
533 766 656 819 ceteris⁰
683 782 792 834 pacem
814 766 1101 834 postulantibus.
1138 765 1165 818 A
1191 766 1322 833 quibus
1346 784 1397 821 rex

224 837 342 905 acceptis
360 836 499 890 obsidibus
517 835 619 903 Aquis
625 837 704 904 grani
727 853 851 889 reversus
875 836 1017 904 epistolam
1035 835 1185 890 Herenaef
1206 837 1395 906 imperatricis,

224 908 306 962 cuius
324 906 395 960 filius
414 907 607 960 Constantinus
626 923 697 959 anno
741 907 813 960 riore
832 909 1031 961 excae‘catusa
1052 911 1101 976 est,
1125 924 1141 960 a
1159 907 1396 977 Constantinopoli
1405 919 1478 969 'aaa

223 996 286 1047 per
307 977 471 1032 Michahelh
497 976 671 1046 patriciumi
696 925 805 1046 iligna
830 981 858 1031 et
881 978 1077 1046 Theophilum
1101 979 1305 1046 presbyterum
1330 997 1394 1047 pro

222 1066 291 1118 pace
308 1050 450 1102 missam
468 1048 649 1116 suscepit3
668 1065 736 1115 quos
755 1066 818 1102 cum
836 1049 1017 1117 remisisset,
1035 1049 1166 1102 remisit
1184 1049 1267 1102 etiam
1280 1067 1343 1103 cum
1356 1050 1395 1103 eis

223 1124 252 1174 et
269 1119 418 1174 Sisinnium
436 1119 550 1173 fratrem
568 1119 672 1172 Tarasii
691 1117 985 1187 Constantinopolitani
1010 1120 1132 1188 episcopi
1155 1119 1210 1173 iam
1236 1120 1340 1173 dudum
1365 1121 1395 1174 in

222 1189 303 1245 ltalia
320 1190 447 1258 proeliok
467 1194 586 1257 captum.
622 1189 782 1243 Hadoiuns
801 1188 959 1257 quoquel
985 1207 1093 1258 supra
1111 1190 1231 1244 dictus
1248 1208 1298 1244 rex
1315 1208 1395 1259 praa-

223 1261 287 1315 data
299 1260 469 1330 Olisippona
480 1259 659 1328 Hispaniaem
671 1260 780 1314 civitate
792 1260 908 1330 insignia
919 1261 1049 1315 victoriae
1066 1272 1163 1329 suaess,
1182 1261 1287 1328 loricas,
1305 1262 1395 1316 mulos

222 1333 414 1456 fflptivosqueti
429 1330 555 1397 Mauros,
587 1348 647 1413 per·
667 1330 778 1455 Fhoiantr
807 1335 835 1385 et
866 1332 1027 1386 Basiliscum
1058 1333 1161 1402 legatos
1193 1331 1278 1385 suos*
1311 1333 1394 1390 misit.

122 1415 213 1459 asian.
256 1421 314 1456 auri
351 1419 392 1454 ira
415 1419 475 1455 eam
494 1418 621 1456 exercere
639 1418 693 1454 rnc1
713 1420 781 1458 run.

113 1485 213 1530 anaor.
329 1420 549 1527 BOOXOVHH.
579 1472 637 1526 Leo
649 1419 721 1541 pepla
733 1489 749 1526 a
761 1472 896 1526 Romanis
913 1473 946 1525 in
960 1473 1080 1527 letania⁰
1097 1473 1200 1526 maiore
1212 1473 1329 1542 hnguav
1347 1474 1393 1528 de·

222 1547 358 1597 truncata
369 1548 550 1597 excaecatusi
563 1546 591 1596 et
599 1543 831 1611 perWirundum
841 1544 968 1597 abbatem
977 1544 1185 1614 acWinigisum
1196 1544 1294 1598 ducem
1304 1543 1393 1613 Spoli-

223 1618 331 1668 tanum
349 1618 494 1683 ereptus
512 1614 548 1667 ad
560 1613 691 1668 cniumr
712 1615 741 1668 in
758 1613 878 1668 Saxonis
895 1615 937 1669 ad
955 1614 1173 1668 Padrabrunuos
1191 1614 1324 1668 deductus
1343 1620 1392 1671 est.

222 1685 367 1739 Ehericus
392 1685 448 1738 dux
465 1684 675 1739 Foroiuliensist
700 1685 777 1738 iuxta
795 1685 981 1740 Tharsatieam
1000 1685 1169 1739 Liburniaeu
1191 1686 1330 1740 civitatem
1351 1687 1393 1739 in·

121 1756 297 1812 aasabim
315 1756 514 1824 oppidanorum
533 1757 637 1810 occisus
656 1760 710 1822 est3
730 1757 777 1810 et²
795 1756 951 1811 (ireroldusv
966 1756 1138 1810 Baioariaew
1156 1757 1310 1824 praefectus
1329 1774 1392 1810 cum

112 1826 338 1883 ranenflunis
364 1827 495 1880 dimicans
520 1827 679 1881 interfectus
705 1831 766 1882 est.
885 1827 1013 1881 Baleares
1038 1829 1167 1880 insulaex
1195 1827 1331 1896 postulato
1358 1832 1393 1881 et

223 1901 335 1966 accepto
360 1897 486 1951 Oarliy
513 1898 613 1951 auxilio
638 1897 743 1951 Mauris
767 1901 795 1951 et
813 1897 977 1964 Sarracenis,
1003 1916 1019 1952 a
1041 1899 1173 1966 quibus
1197 1898 1295 1966 priore
1319 1915 1392 1953 anno

221 1968 468 2037 praedabantur,
496 1972 671 2036 ereptaez
701 1972 772 2025 sunt.
815 1967 901 2038 Signa
927 1986 1036 2037 quoque
1060 1968 1222 2022 Maurorum
1246 1970 1275 2022 in
1298 1986 1393 2038 pugna

222 2040 328 2092 sublata
345 2040 405 2107 regi
422 2043 486 2092 sunt
503 2043 683 2107 praesentata.
719 2039 903 2092 Britannica
925 2041 1119 2094 cismarina
1136 2056 1195 2108 per
1206 2039 1386 2093 Witonemb

222 2111 347 2164 ducem
365 2114 424 2163 tota
442 2111 594 2164 subacta
612 2114 640 2164 et
658 2127 734 2163 arma
752 2110 861 2177 ducum,
884 2111 931 2178 qui
949 2129 977 2164 se
996 2111 1165 2176 dediderant,
1183 2111 1319 2179 inscriptis
1338 2112 1391 2163 sin·

221 2182 348 2252 gulorum
372 2181 528 2234 nominibus
552 2181 611 2250 regi
635 2185 840 2248 praesentatae
870 2185 966 2248 sunt3
992 2199 1056 2235 nam
1079 2182 1120 2234 his
1145 2199 1173 2234 se
1197 2185 1224 2234 et
1242 2186 1344 2234 terram
1363 2187 1392 2235 et

220 2253 353 2321 populum
378 2252 563 2320 unusquisque
587 2251 707 2307 tradidit.
745 2251 905 2305 Patriarcha
922 2252 1178 2306 Hierosolimitanus
1203 2253 1330 2322 reliquias
1356 2253 1391 2306 de
1413 2269 1416 2277 ·

221 2323 364 2392 sepulchro
376 2322 488 2376 Domini
504 2340 568 2391 per
580 2323 758 2376 monachum
771 2323 929 2390 quendam
946 2324 1006 2392 regi
1023 2323 1226 2376 transmisit.
1239 2321 1301 2377 ”Et
1312 2323 1390 2376 Azan
1473 2323 1474 2326 ’

219 2392 394 2462 praefectus(1
416 2394 564 2461 cinicino,
583 2411 653 2461 quae
671 2393 771 2447 dicitur
783 2393 861 2459 Osca,
880 2394 969 2448 claves
987 2393 1082 2447 urbisf
1103 2411 1154 2462 per
1171 2394 1291 2463 legatum
1310 2412 1390 2447 suum

220 2483 282 2519 cum
300 2465 386 2518 aliis
404 2465 563 2518 muneribus
580 2465 662 2520 misit.

180 2549 210 2591 ib.
325 2535 427 2592 Doce.
463 2535 525 2589 Rex
543 2536 697 2588 absolutum
715 2534 988 2588 Hierosolimitanum
1010 2535 1175 2588 monachum
1197 2535 1298 2588 reverti
1315 2535 1389 2604 iecit,
1476 2544 1478 2548 '

218 2607 320 2659 misso
339 2623 402 2660 cum
421 2623 453 2660 eo
471 2607 604 2660 Zacharia
621 2607 794 2674 presbytero
812 2606 847 2659 de
864 2606 965 2674 palatio
984 2623 1042 2673 suo,
1067 2607 1115 2673 qui
1133 2607 1191 2659 eius
1209 2605 1322 2658 donaria
1339 2624 1390 2674 per

219 2677 266 2728 illa
290 2681 383 2730 sancta
407 2677 467 2730 loca
491 2677 618 2732 deferret.
659 2676 723 2745 Ipse
750 2677 945 2746 peragratis
973 2677 1068 2730 oceani
1093 2675 1190 2730 Gallici
1217 2676 1389 2745 litoribus,

219 2747 293 2814 quod
323 2747 429 2815 piratis
459 2747 588 2800 infestum
618 2752 689 2814 erat,
721 2747 957 2816 dispositisque
987 2747 1169 2816 praesidiiss
1199 2751 1389 2801 revertens

219 2815 363 2871 Turonish
393 2817 428 2870 ad
446 2822 571 2871 sanctum
588 2817 746 2870 Martinum·
759 2817 888 2871 orationis
913 2834 995 2870 causa
1018 2819 1157 2887 pervenit3
1183 2818 1243 2871 ubi
1266 2817 1390 2872 Hildi·

118 2900 145 2944 A.
153 2899 210 2942 sith.
219 2888 342 2957 gardis²
360 2889 493 2942 coniunx
511 2889 586 2943 eius
605 2887 734 2942 defuncta
746 2893 787 2942 est
799 2893 827 2942 et
838 2888 959 2943 humata.
1042 2888 1129 2942 Inde³
1140 2905 1264 2942 reversus
1275 2892 1390 2957 propter

109 2971 209 3014 ahur.
219 2959 320 3013 Leonis
338 2958 443 3028 papaei
463 2977 572 3014 oausam
584 2958 702 3013 Romam
720 2958 902 3028 proficiscitur
919 2959 1011 3026 ibique
1028 2959 1172 3028 hiemavit,
1192 2963 1221 3013 et
1238 2960 1388 3013 exercitum
1473 2964 1479 2976 ’

220 3048 283 3084 cum
302 3028 419 3098 Pippino
437 3029 494 3084 filio
513 3048 561 3084 suo
580 3031 609 3083 in
626 3029 911 3084 Beneventanorumk
932 3033 1018 3083 terras
1036 3028 1214 3099 praedatuml
1240 3031 1280 3083 ire
1302 3031 1387 3083 iussit

219 3100 278 3154 Leo
296 3117 375 3168 papa,
399 3105 544 3170 postquam
567 3102 666 3156 facta
689 3102 730 3155 de
754 3119 793 3155 eo
812 3100 1062 3169 quaestionem
1079 3102 1170 3154 nullus
1188 3102 1319 3170 probator
1338 3103 1388 3155 ori·

219 3172 325 3225 minum
350 3173 381 3226 ei
405 3173 600 3227 obiectorum
624 3190 682 3226 esse
706 3173 801 3238 voluit,
826 3173 855 3225 in
877 3172 989 3225 basihea
1011 3173 1129 3226 sancti
1148 3171 1224 3225 Petri
1242 3173 1388 3225 ambonem

220 3260 348 3315 ascendit
365 3249 477 3333 posito
496 3269 597 3334 super
613 3253 717 3333 caput
733 3269 833 3312 suum
854 3260 1017 3328 evangelio4
1036 3264 1069 3313 et
1087 3277 1179 3314 coram
1198 3260 1273 3312 omni
1285 3260 1388 3328 populo

219 3332 345 3386 invocato
364 3337 473 3386 sanotae
492 3332 632 3386 Trinitatis
650 3333 760 3385 nomine
778 3330 953 3385 iureiurando
975 3331 1010 3384 ab
1028 3331 1141 3385 obiectis
1159 3348 1188 3384 se
1207 3331 1384 3384 criminibus⁰

218 3403 355 3473 purgavit.

336 3526 362 3596 ³⁸)
378 3527 503 3581 Karolon
525 3529 603 3579 addit
620 3529 737 3579 reductio
755 3526 775 3576 I
788 3527 875 3593 (codd.
889 3529 913 3582 1.
932 3529 971 3592 2).

219 3654 241 3698 a)
255 3651 413 3691 traauchonem
427 3654 446 3693 1.
491 3650 513 3698 b)
527 3648 680 3690 obodritorum
694 3651 713 3693 3.
758 3653 779 3697 c)
793 3650 865 3699 prelio
880 3651 899 3692 1.
944 3648 968 3701 (1)
982 3649 1039 3688 cesis
1053 3650 1072 3691 3.
1117 3651 1139 3697 e)
1153 3654 1196 3691 eet.
1210 3660 1232 3698 p.
1246 3652 1303 3698 post.
1317 3649 1360 3691 dea.
1370 3651 1388 3690 1.

219 3704 238 3754 i)
251 3705 350 3744 harenae
364 3705 389 3754 23
403 3704 488 3743 harene
503 3705 522 3745 3.
571 3705 593 3752 g)
607 3709 727 3743 excecatus
742 3705 789 3745 1.3.
839 3704 864 3751 h)
878 3703 1026 3742 michahelem
1041 3703 1092 3752 1.2;
1106 3702 1203 3742 michael
1216 3704 1236 3744 3.
1289 3702 1305 3748 i)
1319 3702 1389 3750 patri·

220 3758 276 3796 tium
289 3758 308 3799 3.
380 3757 404 3803 k)
422 3756 494 3812 prelio
509 3757 532 3795 lt
555 3757 601 3804 plia
615 3758 634 3798 3.
708 3758 724 3804 l)
742 3758 798 3795 deest
812 3757 830 3798 1.
905 3759 935 3803 m)
953 3755 1057 3804 hispanie
1071 3757 1090 3797 3.
1164 3758 1188 3803 n)
1206 3754 1302 3794 victorie
1315 3766 1356 3794 sue
1369 3756 1389 3796 3.

219 3814 241 3858 o)
255 3809 340 3862 letania
355 3812 373 3852 1.
435 3813 459 3858 p)
472 3810 565 3857 liugnua
578 3810 597 3850 3.
625 3846 626 3849 ,
659 3812 682 3858 q)
697 3815 819 3849 excecatur
833 3811 856 3859 13
878 3813 1013 3849 excaecatur
1027 3809 1052 3858 33
1073 3812 1193 3848 excecatus
1207 3809 1226 3851 3.
1289 3807 1309 3858 r)
1323 3808 1388 3846 karo·

219 3863 265 3902 lum
280 3866 298 3904 1.
312 3864 332 3905 ι).
398 3866 417 3909 s)
436 3861 611 3911 padrabrunnon
626 3865 645 3904 1.
659 3864 683 3912 23
705 3861 865 3912 padrapruuno
880 3863 899 3904 3.
967 3862 1181 3909 a)i0riiu1iensis1.
1248 3863 1272 3908 ιι)
1291 3860 1388 3900 liburnia

219 3917 313 3955 civitate
327 3917 346 3958 3.
393 3918 416 3962 v)
431 3916 529 3962 geroltus
543 3917 562 3956 1.
611 3918 640 3964 w)
655 3915 754 3955 baioaria
768 3917 786 3957 3.
833 3918 857 3963 x)
872 3915 945 3954 insule
960 3916 979 3957 3.
1026 3916 1050 3965 y)
1064 3915 1136 3954 karoli
1151 3918 1169 3956 1.
1179 3915 1198 3957 3.
1242 3919 1263 3961 a)
1277 3918 1355 3963 erepte
1369 3914 1388 3956 3.

218 3971 241 4016 a)
255 3968 369 4008 britannia
384 3971 402 4011 1,
416 3969 435 4010 2.
493 3969 516 4019 b)
530 3969 646 4008 wittonem
660 3970 680 4012 2.
737 3970 758 4015 c)
772 3973 903 4018 presentata
917 3970 936 4010 1.
990 3966 1013 4016 d)
1027 3969 1140 4018 prefectus
1151 3971 1170 4010 1.
1223 3969 1245 4016 e)
1260 3967 1321 4007 urbis
1337 3969 1355 4007 1.
1369 3966 1389 4008 2.

219 4022 351 4069 naivitatis
366 4024 385 4064 1.
399 4023 418 4064 2.
485 4022 508 4073 g)
521 4021 626 4072 presidiis
641 4024 660 4066 1.
729 4022 752 4073 h)
768 4027 859 4061 turones
873 4023 892 4063 l.
906 4021 931 4071 23
953 4032 1000 4064 rev.
1014 4025 1070 4062 orat.
1084 4032 1102 4063 c.
1117 4025 1160 4063 tur.
1174 4018 1203 4060 ad
1217 4033 1234 4063 s.
1249 4032 1277 4062 m.
1292 4031 1355 4070 perv.
1370 4022 1388 4062 1.

219 4076 235 4123 i)
249 4086 308 4124 pape
322 4076 341 4117 3.
418 4075 443 4122 k)
461 4076 581 4118 benevent.
594 4076 613 4118 3.
689 4075 706 4122 i)
723 4074 843 4125 predatum
858 4077 877 4116 1.
953 4077 983 4121 m)
1001 4074 1118 4123 questione
1133 4077 1151 4117 1.
1165 4074 1185 4116 3.
1266 4075 1289 4122 n)
1307 4074 1354 4116 .K.
1369 4073 1388 4115 3.

219 4131 240 4177 o)
255 4129 317 4170 crim.
331 4138 356 4168 se
370 4131 388 4170 1.

219 4236 245 4302 1)
263 4238 292 4286 et
310 4232 373 4289 Ger.
392 4232 451 4289 Bai.
476 4252 517 4302 pr.
543 4251 606 4288 cum
624 4233 723 4287 Avaris
747 4233 812 4287 dim.
831 4232 991 4287 interfectus
1015 4235 1087 4287 Aac.
1106 4232 1176 4287 sira.
1266 4231 1294 4298 2)
1311 4229 1388 4282 Lint-

218 4303 319 4373 gardae
346 4304 468 4373 coniugis
492 4308 565 4360 Ana.
583 4306 685 4369 Laar.,·
712 4321 790 4357 error
812 4307 908 4360 nostri.
1015 4305 1043 4370 3)
1066 4302 1188 4357 Inde-
1207 4300 1338 4356 hiemavit
1355 4317 1388 4354 aa
1476 4351 1480 4359 ,

218 4378 290 4430 Ana.
309 4375 377 4431 sata.
449 4376 477 4444 4)
494 4376 673 4444 ewangelium
691 4379 803 4443 portans
821 4379 893 4430 Ana.
912 4377 999 4430 Lacr.
