2978 4934
181 425 232 479 118
523 417 734 474 ANNALIUM
751 418 1003 475 FULDENSIUM

179 604 332 687 inopiam
364 602 505 685 frugum
539 622 618 666 cum
651 602 788 666 miseria
821 602 1012 685 patiuntur.
1064 601 1132 666 Sed
1161 602 1255 666 inter
1284 602 1351 666 alia

180 691 369 757 execrabile
398 690 595 775 prodigium
617 690 655 753 in
676 691 816 773 regione
839 689 1116 772 Thuringorum²
1147 691 1260 754 visum
1290 695 1349 755 est.

179 780 336 862 Namque
360 799 379 843 e
402 779 476 843 celo
499 799 597 861 aqua,
620 798 692 842 non
714 781 756 841 ut
779 777 867 842 solet
890 777 1009 861 pluvia
1032 779 1193 842 stillatim
1217 779 1350 843 descen·

180 870 269 945 dere,
300 869 361 932 sed
388 867 616 931 coacervatim
643 866 741 950 quasi
765 866 876 930 fluens
898 870 1033 930 torrens
1055 867 1166 943 irruit,
1198 887 1260 950 per
1282 871 1350 931 tres

178 956 280 1020 villas
302 976 373 1019 uno
395 954 561 1019 momenti
583 955 657 1018 ictu
680 953 806 1018 evulsis
829 955 1003 1032 aedificiis,
1027 958 1081 1019 ter
1098 957 1240 1020 centum
1256 956 1351 1018 cada-

178 1065 260 1109 vera
282 1047 496 1108 mortuorum
516 1043 712 1127 inpulsione
735 1063 901 1126 aquarum
925 1063 1045 1126 campo
1064 1042 1200 1108 deiecta
1216 1043 1350 1126 collige·

179 1131 316 1197 bantur.

118 1245 171 1287 mr.
286 1219 443 1285 Exeunte
469 1239 586 1284 mense
608 1219 725 1283 Medio
748 1239 809 1283 rex
831 1220 924 1302 apud
946 1218 1075 1294 villam,
1106 1239 1194 1301 quae
1225 1219 1352 1284 dicitur

179 1309 396 1385 Forahheim,
427 1308 587 1390 generale
618 1311 825 1371 conventum
854 1306 994 1384 habuit,
1025 1307 1142 1390 ibique
1172 1308 1351 1391 disputans

179 1398 222 1461 de
246 1399 340 1460 statu
362 1396 461 1478 regni
476 1396 530 1458 sui
546 1395 743 1459 consultum
758 1399 820 1472 est,
844 1398 886 1458 ut
901 1397 1022 1460 eodem
1043 1399 1164 1460 tenore
1187 1397 1352 1479 primores

179 1485 390 1548 Francorum
419 1488 522 1567 prout
552 1482 703 1547 Baioarii
732 1485 927 1548 iuramento
957 1484 1210 1562 confirmarent,
1241 1504 1288 1548 ne
1317 1504 1352 1548 se

180 1573 403 1637 detraherent
418 1592 439 1635 a
453 1573 650 1656 principatu
669 1571 725 1636 vel
749 1573 930 1637 dominatu
944 1571 1095 1635 filiorum
1110 1573 1193 1650 eius,
1211 1573 1352 1637 Zwenti·

179 1661 300 1724 bulchi
323 1661 461 1742 quidem
484 1665 520 1726 et
539 1659 690 1738 Ratoldi,
715 1661 775 1744 qui
798 1662 830 1725 ei
854 1661 897 1725 de
921 1660 1121 1725 concubinis
1145 1665 1244 1725 erant
1266 1662 1352 1725 nati.

97 1773 171 1820 (rua).
181 1748 283 1827 Quod
311 1749 451 1831 quidam
480 1749 691 1812 Francorum
720 1751 765 1814 ad
793 1753 930 1832 tempus
959 1752 1178 1828 rennuentes,
1209 1751 1352 1814 tandem

179 1838 273 1920 regie
297 1837 547 1901 satisfacientes
563 1838 738 1902 voluntati
757 1839 913 1902 dextram
937 1838 1019 1902 dare
1042 1858 1112 1902 non
1133 1836 1351 1914 recusabant,

180 1945 220 1989 eo
249 1929 368 1989 tamen
396 1926 508 2002 modo,
539 1929 580 1989 ut
610 1927 639 1989 si
663 1926 705 1989 de
729 1925 834 2008 legali
864 1946 926 1989 sua
955 1945 1060 1990 uxore
1089 1926 1189 1990 heres
1221 1927 1253 1990 ei
1283 1947 1352 1991 non

179 2015 436 2097 produceretur.
482 2014 756 2078 Advenientibus
786 2014 893 2077 etiam
914 2014 1045 2078 ibidem
1067 2014 1221 2096 undique
1244 2016 1353 2078 natio·

179 2123 264 2176 num
292 2100 426 2184 legatis,
457 2101 760 2166 Nordmannorum
787 2102 920 2166 scilicet
948 2102 991 2165 ab
1020 2102 1189 2185 aquilone,
1219 2102 1353 2167 Sclave-

179 2210 311 2267 norum,
342 2191 486 2274 pacifica
515 2193 691 2274 optantes,
723 2211 807 2273 quos
836 2211 896 2254 rex
926 2191 1061 2254 audivit
1090 2193 1126 2255 et
1155 2190 1230 2255 sine
1258 2211 1354 2255 mora

180 2278 338 2343 absolvit.
385 2279 472 2342 [nde
507 2280 624 2362 itaque
659 2281 811 2343 edictum
846 2282 898 2343 est
932 2279 969 2340 in
1003 2279 1192 2343 exercitum
1225 2279 1277 2342 ire
1310 2280 1354 2343 ad

105 2386 171 2438 (111).
181 2366 381 2444 Obodritos;
413 2368 474 2432 sed
504 2372 608 2432 antea
636 2367 805 2451 placitum
835 2371 931 2432 curte
958 2367 1054 2450 regia
1076 2367 1354 2431 Franconofurt¹

180 2455 302 2518 haberi
324 2476 403 2519 cum
418 2456 559 2520 Francis
579 2457 653 2539 regi
670 2455 877 2539 conplacuit.
908 2449 1137 2520 *Perventum
1159 2456 1268 2539 igitur
1292 2460 1353 2534 est,
1364 2475 1441 2526 *aar

84 2563 171 2613 (sepo.
180 2541 283 2607 sicuti
312 2546 417 2607 antea
445 2544 651 2627 dispositum
680 2547 769 2621 erat,
805 2545 850 2608 ad
880 2543 1064 2609 Obodritos
1097 2564 1175 2607 cum
1205 2545 1354 2608 maximo

180 2633 342 2696 exercitu.
389 2631 457 2696 Sed
486 2636 604 2695 tamen
633 2632 683 2697 ibi
712 2652 896 2716 parumper
925 2632 1028 2697 rebus
1058 2652 1219 2715 prospere
1248 2634 1355 2716 gestis

178 2739 238 2783 rex
266 2722 348 2783 data
375 2721 540 2784 exercitui
569 2719 712 2785 licentia
742 2722 786 2785 ad
809 2720 1062 2785 Franconofurt
1086 2720 1190 2785 celeri
1213 2720 1355 2785 testina-

178 2807 274 2870 tione
303 2828 458 2872 reversus
488 2812 556 2886 est;
587 2809 668 2872 inde
698 2828 759 2891 per
782 2809 1026 2872 Alamanniam
1052 2809 1222 2892 paulatim
1245 2813 1355 2874 trans·

179 2896 338 2978 grediens
377 2894 603 2959 Baiouariam
645 2896 731 2961 urbe
768 2890 963 2979 Reginoh'l
1004 2896 1192 2961 honorifice
1235 2898 1354 2962 natale

76 3003 170 3045 neers.
180 2981 321 3047 Domini
344 2981 541 3047 celebravit.

728 3154 804 3226 890.

105 3288 171 3331 nac.
287 3263 481 3330 Deeexc.
526 3266 704 3331 Mediante
733 3286 813 3330 vero
843 3267 1104 3349 quadragesima
1133 3286 1193 3331 rex
1221 3267 1355 3332 Panno-

179 3354 273 3418 niam
310 3355 529 3438 proficiscens
566 3355 726 3438 generale
762 3358 969 3419 conventum
1003 3375 1081 3418 cum
1116 3355 1355 3421 Zwentibaldo

179 3444 266 3507 duce
289 3442 375 3520 loco,
400 3444 524 3526 quem3
545 3443 650 3526 vulgo
675 3442 871 3527 appellatur
887 3442 1192 3526 Omuntespereh4,
1217 3445 1354 3508 habuit.

179 3531 236 3596 Ibi
257 3533 348 3596 inter
372 3532 440 3596 alia
462 3532 619 3616 prefatus
642 3533 713 3596 dux
736 3531 779 3596 ab
803 3530 991 3615 apostolico
999 3529 1047 3570 *·⁵
1070 3534 1212 3615 rogatus
1236 3552 1355 3615 regem

179 3620 277 3685 enixe
300 3620 556 3704 interpellabat,
580 3623 621 3683 ut
644 3621 730 3684 urbe
745 3620 855 3684 Roma
879 3621 1019 3683 domum
1037 3621 1150 3684 sancti
1164 3621 1261 3685 Petri
1277 3622 1354 3685 visi-

83 3730 87 3736 ·
177 3711 269 3773 taret
291 3713 327 3773 et
349 3709 514 3773 Italicum
539 3729 687 3793 regnum
711 3731 731 3773 a
754 3708 854 3772 malis
879 3708 1074 3772 christianis
1098 3711 1134 3773 et
1156 3709 1355 3774 inminenti-

294 3896 321 3967 *)
337 3899 425 3950 Manu
441 3913 507 3952 saec.
525 3897 593 3954 XII.
612 3901 643 3951 in
662 3900 718 3954 cod.
737 3902 754 3955 3
772 3900 896 3952 additum
914 3905 968 3952 eet:
986 3896 1128 3952 Formoso.

179 4081 201 4138 a)
214 4078 379 4138 thuringiorum
393 4085 417 4139 ὃς
432 4089 461 4136 ct.
471 4087 721 4137 p.1oe.115.116.122.
776 4085 800 4138 b)
813 4085 905 4136 regione
918 4084 939 4130 3.
1021 4053 1023 4057 Ι

180 4248 207 4314 1)
224 4247 268 4298 Ibi
283 4247 432 4314 diplonmla
449 4248 503 4303 Iul.
517 4250 542 4304 1.
555 4250 581 4305 6.
593 4252 619 4304 9.
637 4249 703 4301 daca
721 4255 785 4300 cunt
802 4246 920 4314 (Malle.
933 4242 1142 4307 1771—1774),·
1159 4241 1195 4305 cf.
1212 4240 1357 4294 Dammlcr

179 4318 235 4384 ΙΙΙ,
251 4336 281 4386 p.
292 4319 354 4373 335.
412 4320 440 4386 2)
456 4320 635 4386 mamam.
689 4319 717 4385 3)
734 4320 827 4371 Aecus.
842 4332 897 4385 pro
913 4331 1000 4377 nom.;
1018 4314 1053 4378 cf.
1066 4330 1092 4368 a.
1105 4314 1167 4368 884.
1222 4312 1251 4378 4)
1267 4312 1358 4365 Locus

179 4391 285 4456 ipnotus
302 4395 356 4452 est,·
373 4390 408 4454 cf.
426 4391 568 4444 Dammlcr
585 4391 641 4458 III,
658 4408 686 4458 p..
707 4392 769 4445 338.
842 4389 870 4455 5)
886 4387 1022 4454 septeno
1039 4385 1086 4440 VI.
