2978 4934
215 403 232 454 a
481 397 571 452 nur.
590 397 700 454 suno.
720 397 1121 468 emissariorum.)

67 585 120 629 cur.
127 586 152 630 u.
159 587 179 636 1,
187 586 206 629 a.
225 632 228 639 ¹
321 573 488 631 DOGXVII.
525 573 567 628 Ra
589 573 724 627 'niridusa
746 578 773 628 et
792 573 952 643 Hilpriousb
975 592 1024 628 rex
1041 575 1070 627 in
1083 575 1217 630 Vinciaco
1236 576 1281 630 die
1301 576 1387 631 domi-

215 647 277 700 nica
289 645 466 714 antepasoha
479 663 551 700 oum
586 646 663 699 arlo<³
680 649 886 715 pugnantes
898 644 996 714 tergad
1012 650 1155 713 vertunt03
1175 664 1256 714 quos
1269 647 1385 702 Oarlusf

46 727 207 779 (Amastris).
215 717 230 770 f
233 735 252 770 u
258 717 426 786 gientess
447 715 610 770 cedendo
628 716 822 784 persequitur
840 733 926 784 usque
938 715 1065 770 Parisios.
1148 717 1200 771 His
1219 720 1388 787 temporibus

215 785 405 855 Wiufridush,
431 788 478 855 qui
501 790 529 840 et
551 790 655 855 postea,
679 803 742 840 cum
766 787 909 855 episeopus
929 787 1109 856 ordinaretur,
1133 787 1269 842 Bonifacii
1287 808 1388 844 nomen

216 858 329 926 accepit,
354 857 450 911 doctor
469 857 617 911 catholicus
635 856 763 912 nationei
789 857 898 926 Anglus
915 858 1035 926 primum
1053 858 1180 927 Romam,
1206 859 1306 914 deinde
1325 879 1388 914 cum

215 930 376 1054 {actoritate
400 927 527 998 Gregorii
552 927 667 997 papaek
695 929 725 982 in
749 927 912 983 Franciaml
946 929 981 981 ad
1005 929 1249 997 praedicandumm
1273 932 1388 985 verbum

242 1001 267 1054 ei
284 1000 367 1056 venit.

68 1080 119 1123 cnr.
127 1081 206 1131 1..1,4.
321 1068 504 1124 DGOXVIII.
539 1068 685 1122 Karlusf
704 1068 793 1122 victor
810 1069 982 1139 regrediens
995 1069 1136 1123 Coloniam
1154 1072 1243 1124 venit
1260 1073 1388 1141 receptis-

215 1159 268 1210 que
281 1158 297 1194 a
309 1140 510 1195 Pliohthruden
526 1140 669 1194 thesauris
686 1140 772 1208 patris
790 1141 833 1193 sui
850 1157 944 1210 regem
961 1140 1013 1194 sibi
1025 1141 1166 1207 constituit
1177 1142 1383 1206 Hlotharium0

149 1213 334 1278 tuamomine,
353 1228 409 1264 nou
426 1215 571 1280 potestate.
660 1209 821 1279 Hilpricusb
844 1215 896 1264 etr
919 1210 1119 1281 Raginfridus⁸
1140 1213 1246 1265 auxilio
1265 1213 1388 1268 liudonis

215 1283 291 1407 (iugis
317 1282 530 1350 Aquitaniorum
555 1281 765 1336 instaurata
789 1298 915 1335 rursus
939 1282 1016 1336 acie
1043 1284 1208 1350 superati
1232 1284 1389 1353 fugantur

216 1371 232 1408 a
273 1355 370 1408 arloss.

149 1434 206 1477 ruo.
321 1421 520 1479 DOGXVIHI.
556 1421 678 1476 Karlusf
684 1423 707 1464 ·¹
721 1422 756 1476 ad
767 1421 914 1476 Eudonem
925 1423 1011 1476 mittit
1023 1426 1051 1477 et
1062 1422 1251 1494 Hjlpucumc,
1271 1426 1331 1493 qui
1346 1427 1388 1479 ad

216 1512 292 1549 eum
311 1494 545 1564 confugerat,
570 1510 621 1562 per
638 1493 742 1562 legatos
760 1493 890 1562 recipitr.
927 1491 1000 1562 Quo
1020 1497 1183 1562 tempore
1202 1494 1387 1550 Hlotharius

46 1575 207 1624 (assertus).
215 1583 272 1620 rex
289 1569 426 1618 mortuus
450 1567 513 1620 est.
603 1563 772 1618 Bonifaoius
790 1565 847 1618 vir
865 1564 1122 1620 sanctissimus
1140 1582 1157 1618 a
1174 1569 1299 1634 praesule
1317 1568 1387 1621 sedis

216 1636 379 1706 apostolieae
398 1634 532 1705 Gregorio
550 1633 780 1703 Mogontiacae⁸
805 1634 917 1702 civitati,
935 1636 1081 1704 metropoli
1099 1635 1271 1704 Germaniae,
1286 1638 1387 1691 *arohi-
1398 1652 1487 1701 *aare

216 1708 358 1776 episcopus
376 1706 519 1760 ordinatur
537 1708 565 1759 et
582 1707 688 1775 legatus
707 1705 886 1759 Germanicus
905 1704 1065 1760 Romanaet
1090 1707 1236 1761 aecclesiae
1254 1709 1283 1761 in
1301 1708 1387 1762 Fran·

216 1777 304 1832 oiaml
337 1777 463 1832 mittitur.
513 1775 567 1846 Qui
592 1775 796 1845 praedicatione
824 1793 873 1829 sua
899 1778 1000 1829 multos
1026 1779 1155 1846 populos,
1182 1779 1386 1850 Thuringorum

215 1848 349 1917 videlicet,
373 1846 544 1902 Hassiorum
562 1850 590 1900 et
607 1846 822 1915 Austrasiorum‚
848 1846 884 1901 ad
907 1846 992 1901 fidem
1016 1853 1129 1916 rectam,
1153 1865 1170 1903 a
1192 1867 1246 1917 qua
1270 1850 1317 1903 diu
1340 1851 1386 1904 ab·

216 1923 381 1986 erraverant,
400 1918 543 1984 convertit,
561 1917 727 1971 monasteria
745 1934 854 1985 quoque
866 1918 1064 1973 monachorum
1083 1923 1111 1972 et
1128 1919 1265 1990 virginum
1283 1922 1387 1990 primus

215 1991 244 2044 in
261 1991 385 2059 partibus
403 1988 591 2043 Germaniaeu
613 1988 768 2044 instituitv.

149 2071 206 2114 lue.
321 2059 457 2116 DOOXX.
492 2058 605 2113 Mortuo
623 2059 824 2128 HilpricoW
844 2058 991 2112 Garlusf
1014 2059 1216 2114 Theotncumx
1242 2061 1271 2116 in
1294 2063 1386 2116 sedem

215 2149 245 2186 re
284 2130 503 2186 iconstituit.

149 2213 205 2256 ius.
245 2150 282 2203 gn
320 2200 472 2258 DOOXXI.
508 2199 631 2254 Karlusf
656 2199 876 2269 Raginfridumr
901 2211 1109 2268 persequens2
1135 2201 1294 2272 Andegavis
1322 2205 1385 2258 civi·

215 2277 301 2327 tatem
320 2273 429 2342 capita;
447 2275 576 2340 postea
595 2270 717 2324 Saxones
734 2270 866 2325 vastando
884 2272 973 2325 victor
990 2272 1152 2340 regreditur.

148 2354 205 2397 rua.
320 2341 488 2398 DGOXXH.
523 2340 644 2396 Karlusb
666 2341 836 2395 Alamannos
855 2346 882 2396 et
900 2341 1040 2396 Baioarios
1059 2343 1141 2398 armis
1159 2345 1275 2414 subegit.

141 2409 224 2513 332.
320 2431 504 2487 DOOXXIII,
541 2418 696 2483 Iterum1
712 2418 898 2482 Alamanni
917 2422 952 2483 et
968 2417 1111 2482 Norici*
1131 2432 1205 2501 pacis
1223 2434 1283 2487 iura
1300 2438 1386 2488 teme-

214 2521 276 2558 rare
294 2505 446 2558 nituntur.

135 2585 165 2628 su.
173 2585 206 2627 10.
320 2572 519 2656 Dcoxrlnn.
539 2571 684 2655 'Karlusb
707 2572 821 2626 transito
840 2572 940 2642 Ligere
957 2572 1103 2626 Eudonem
1121 2573 1211 2644 fugat
1229 2579 1334 2629 vastata
1352 2580 1386 2630 et

72 2672 75 2682 ·
159 2661 599 2712 -suoensaregroneems

135 2727 205 2770 iun.
320 2714 484 2770 DOOXXV.
521 2714 666 2768 Sarraceui
684 2714 723 2767 ab
741 2713 871 2768 Eudone
888 2715 917 2767 in
930 2714 1060 2767 auxilium
1073 2731 1164 2767 suum
1182 2717 1304 2769 vocati
1323 2734 1386 2770 cum

214 2803 280 2855 rege
298 2803 347 2840 suo
359 2785 512 2839 Abdirama
524 2784 696 2839 Garonnam
708 2784 958 2853 Burdigalemque
976 2785 1140 2854 perveniunt
1158 2788 1273 2840 cunctis
1293 2789 1385 2840 locis

214 2856 343 2911 vastatis³
368 2860 402 2910 et
424 2855 593 2910 aecclesiise
615 2856 680 2926 igne
698 2856 839 2926 crematis;
863 2856 1003 2910 basilicam
1022 2874 1164 2925 quoque
1182 2858 1269 2912 sancti
1287 2858 1386 2912 Hilarii

155 2960 158 2965 ·
214 2927 334 2981 Pictavis
351 2927 510 2983 incendunt.

134 2992 205 3096 iffi]
320 3014 499 3069 DGOXXVI.
525 3004 658 3068 Karlusd
681 3013 896 3069 Sarracenis
917 3023 996 3067 cum
1013 3025 1119 3068 manu
1134 3006 1250 3070 valida
1270 3034 1385 3072 occur·

214 3103 291 3140 rens
314 3090 347 3140 et
370 3087 470 3140 auxilio
488 3087 541 3140 Dei
564 3087 649 3140 fretus
667 3103 768 3154 regem
787 3103 882 3139 eorum
901 3103 976 3140 oum
994 3087 1107 3141 infinita
1124 3089 1305 3143 multitudine
1322 3107 1385 3157 pro·

214 3157 310 3211 stravit
328 3156 496 3225 devictisque
513 3157 636 3211 hostibus
655 3173 719 3210 cum
736 3156 876 3225 triumpho
895 3158 1057 3227 regreditur.

331 3316 357 3384 *)
374 3317 409 3369 In
420 3318 474 3372 cod.
487 3320 512 3372 3.
525 3334 622 3370 manua
634 3335 655 3372 a.
668 3318 719 3368 XI.
732 3318 804 3368 inter
816 3318 901 3369 lineas
913 3319 1020 3371 addidit
1030 3317 1145 3371 baioarii
1162 3327 1187 3372 et
1205 3322 1234 3371 in
1247 3322 1385 3385 stargina:

374 3386 447 3441 Nota
465 3387 622 3441 alamannos
641 3387 685 3440 hic
704 3382 792 3440 solurir
811 3404 909 3441 sueuos
927 3388 1066 3456 appellari.

214 3550 236 3595 a)
251 3545 392 3597 raginfredus
408 3549 425 3590 1.
436 3549 454 3589 2.
502 3546 526 3598 b)
540 3548 662 3596 hilpericus
677 3550 695 3588 1.
705 3547 725 3588 2.
772 3547 793 3597 c)
807 3546 886 3587 karolo
901 3550 919 3589 1.
928 3548 953 3589 2.
998 3546 1021 3599 d)
1036 3553 1115 3588 eontra
1129 3550 1148 3592 2,
1198 3551 1219 3596 e)
1234 3554 1352 3588 verterunt
1366 3550 1385 3590 3.

214 3601 337 3651 Okerolus
352 3604 370 3642 1.
384 3602 403 3643 2.
477 3603 499 3649 g)
513 3601 617 3649 sugentes
631 3601 651 3642 3.
721 3599 745 3651 h)
759 3599 894 3650 uuynlridus
910 3603 928 3643 1.
943 3602 962 3642 2.
1029 3600 1046 3652 i)
1061 3603 1156 3641 nacione
1170 3604 1187 3643 1.
1256 3602 1279 3647 k)
1293 3613 1351 3650 pape
1365 3603 1384 3644 3.

215 3654 231 3705 l)
245 3655 350 3694 frantiam
364 3654 384 3695 3.
437 3655 468 3700 ru)
482 3652 645 3702 predicandum
660 3656 678 3695 1.
732 3653 756 3703 u)
770 3651 902 3702 plldthruda
916 3656 935 3696 1.
949 3654 974 3703 23
993 3654 1021 3692 ab
1036 3653 1167 3694 liudthruda
1181 3655 1199 3695 3.
1254 3654 1277 3704 ο)
1291 3652 1385 3693 hlodha-

215 3707 273 3746 rium
287 3707 306 3748 3.
374 3706 398 3757 p)
411 3717 466 3746 varo
481 3711 504 3746 et
517 3708 537 3750 2.
550 3707 570 3748 3.
637 3706 660 3758 q)
675 3706 808 3756 hllpericum
823 3709 841 3749 1.
855 3708 875 3749 2.
943 3709 962 3753 r)
977 3707 1063 3756 recepit
1076 3707 1095 3748 3.
1162 3708 1182 3753 s)
1195 3707 1351 3753 moguntiacae
1365 3709 1384 3750 2.

215 3763 232 3808 t)
247 3771 338 3800 romane
352 3760 372 3800 3.
424 3761 447 3807 u)
461 3760 576 3808 germanie
590 3760 609 3802 3.
657 3762 680 3807 v)
694 3759 813 3800 constituit
826 3760 874 3802 1.2.
921 3761 950 3806 w)
965 3759 1074 3808 hilperico
1090 3761 1108 3800 1.
1118 3760 1137 3800 2.
1183 3761 1207 3807 x)
1222 3759 1350 3799 thietricum
1366 3762 1385 3803 3.

215 3815 238 3863 y)
252 3809 405 3861 reginfredum
419 3813 438 3853 1.
451 3813 471 3853 2.
538 3813 558 3863 z)
573 3823 710 3862 presequeus
725 3814 744 3856 2.
810 3812 833 3864 a)
847 3813 909 3861 cepit
922 3813 942 3854 2.
1006 3812 1029 3859 b)
1043 3812 1133 3851 karolus
1148 3814 1166 3854 1.
1180 3812 1199 3853 2,
1261 3814 1281 3859 c)
1297 3814 1351 3856 eccl.
1365 3816 1384 3856 3.

215 3864 239 3917 d)
252 3865 343 3904 karolus
358 3867 376 3908 1.
391 3866 415 3914 ²3
430 3865 526 3905 Karalus
541 3867 560 3908 3.

215 4007 241 4072 1)
258 4003 370 4058 Mortuo
389 4003 548 4058 Ohluthario
567 4022 632 4074 rege
650 4004 753 4058 Karlus
772 4003 923 4071 —recipit
942 4005 1005 4059 Chr.
1024 4006 1110 4057 Laur.
1193 4006 1221 4072 2)
1237 4004 1293 4059 Per
1310 4005 1383 4059 idem

214 4080 322 4144 tempus
333 4075 414 4129 Eudo
433 4106 467 4114 -
485 4076 582 4130 nititur
601 4078 664 4131 oar.
677 4078 780 4138 Luam
798 4092 864 4143 qma
881 4076 960 4126 verba
978 4077 1007 4127 in
1024 4092 1061 4141 ee,
1081 4091 1132 4142 que
1148 4083 1238 4129 neam
1255 4094 1320 4130 aeus
1336 4085 1382 4145 est,

213 4149 362 4215 exemplari
378 4150 507 4199 exstinctu
519 4150 643 4201 uideatur
660 4149 751 4213 fuisse,
772 4149 812 4198 ita
829 4153 860 4197 ut
874 4162 927 4213 pro
939 4144 1019 4198 Eudo
1032 4147 1126 4212 legeret
1138 4146 1235 4204 eidem.
1265 4150 1384 4201 Ceterum

214 4221 312 4285 omniu,
326 4236 393 4285 quoe
404 4220 441 4270 ad
452 4235 479 4274 a.
489 4221 638 4273 723-725.
650 4225 813 4283 sumatur,
827 4233 880 4269 unc
891 4232 963 4268 anno
973 4219 1032 4272 731.
1045 4220 1118 4282 sucta
1131 4226 1201 4274 aaut.
1247 4221 1274 4285 3)
1285 4223 1384 4272 cuncta

213 4292 357 4357 vastantes,
371 4288 497 4342 ecelesias
508 4289 572 4358 igne
585 4287 712 4342 crematis
725 4288 789 4342 Chr.
802 4289 889 4343 Leur.
901 4289 1042 4339 seeundum
1054 4291 1194 4352 editiores·
1212 4292 1259 4342 ubi
1273 4290 1384 4342 vastatis

214 4361 350 4426 legendum
367 4377 421 4413 eoae
437 4361 555 4427 equidm
572 4360 738 4414 crediderim.
