2978 4934
165 412 203 466 aa
427 402 821 462 murmurium.
841 401 1072 471 (rmnuusrs)

167 592 326 672 corrupte
343 586 550 671 Oapmunti²
568 586 746 649 nominare
767 585 892 662 solet1;
916 586 978 650 ubi
1000 584 1173 668 malignus
1197 586 1339 670 spiritus

167 677 306 742 evidens
332 668 527 758 nequitiaeb
560 693 641 738 suae
671 674 824 737 ostendit
850 673 1027 737 indicium.
1070 673 1161 737 Nam
1188 675 1339 757 primurn

166 764 306 847 quidem
320 762 451 847 lapides
472 763 650 826 iaciend0⁰
679 764 715 825 et
737 761 886 844 parietes
903 763 1081 825 domorum
1096 763 1196 844 quasi
1211 762 1339 826 malleo

165 851 335 936 pulsando
370 850 566 915 hominibus
601 849 669 913 loci
704 848 798 912 illius
833 849 980 914 infestus
1009 849 1175 927 eificitnr;
1212 851 1340 914 deinde

165 959 247 1005 vero
269 939 453 1003 manifeste
476 937 571 1021 loqui
595 941 631 1001 st
653 937 776 1000 furtim
799 937 938 1002 sublata
960 938 1165 1020 quibusdam
1180 939 1338 1022 prodere,

165 1031 244 1112 post
273 1029 358 1092 hacc
389 1027 576 1090 discordias
605 1026 696 1089 inter
724 1025 936 1089 habitatores
967 1027 1119 1090 eiusdem
1148 1026 1218 1089 loci
1241 1028 1338 1090 semi·

164 1135 264 1192 nars;
290 1115 436 1196 denique
460 1115 613 1178 omnium
636 1113 767 1176 animos
792 1118 912 1177 contra
934 1135 1043 1176 unum
1065 1114 1242 1179 hominem
1262 1135 1336 1178 con·

166 1203 296 1280 citavit,
327 1203 427 1285 qnasi
455 1203 604 1285 peccatis
634 1201 730 1265 illius
760 1203 976 1284 exigentibus
1007 1203 1112 1267 ceteri
1134 1202 1222 1266 talia
1244 1207 1336 1287 pate

164 1293 300 1356 rentur:
336 1293 373 1354 et
405 1292 446 1352 ut
479 1290 590 1353 maius
625 1290 743 1353 odium
777 1292 939 1355 adversus
973 1311 1052 1355 eum
1082 1292 1264 1369 excitaret,
1299 1292 1337 1354 in

165 1397 416 1462 quamcumque
440 1378 580 1440 domum
601 1378 694 1441 idem
718 1379 820 1442 homo
843 1380 996 1456 intravit,
1021 1379 1140 1442 statim
1162 1379 1334 1462 malignus

165 1466 305 1550 spiritus
328 1465 426 1530 illam
449 1461 612 1529 exussitl.
658 1466 774 1550 Igitur
789 1471 849 1530 ex⁰
869 1467 1075 1531 necessitate
1099 1471 1239 1531 coactus
1258 1488 1336 1530 cum

164 1573 271 1618 uxore
301 1557 337 1617 et
365 1553 445 1618 filiis
474 1554 558 1619 ioris
587 1556 715 1618 mansit
743 1556 780 1618 in
811 1557 915 1638 agris,
948 1555 1106 1619 omnibus
1135 1557 1336 1639 propinquis

165 1644 235 1708 suis
270 1643 334 1706 sub
367 1645 500 1706 tectum
534 1663 634 1706 suum
668 1643 768 1706 illum
800 1644 971 1728 suscipere
999 1644 1214 1709 timentibus.
1268 1645 1336 1708 Sed

164 1750 229 1795 nec
262 1730 312 1795 ibi
345 1734 443 1794 tutus
472 1731 580 1796 fuisse
610 1733 794 1815 permissus
824 1736 892 1809 est;
927 1753 1008 1795 nam
1043 1752 1122 1796 cum
1156 1733 1336 1796 universas

164 1819 282 1900 fruges
305 1839 384 1883 suas
408 1823 649 1902 congregasset
673 1821 768 1884 etin
791 1841 928 1885 acervos
958 1820 1162 1903 collegisset,
1194 1822 1335 1904 spiritus

164 1927 312 1988 nequam
336 1907 571 1991 exinproviso
597 1910 737 1973 veniens
768 1913 909 1973 cunctas
937 1910 1102 1974 incendit.
1144 1909 1194 1972 Ut
1218 1913 1336 1973 autem

165 1995 297 2059 animos
330 1996 521 2060 vicinorum
556 1991 679 2060 illumf
715 1997 908 2062 interficere
946 1998 1159 2080 cupientium
1197 1998 1337 2081 placare

165 2084 348 2167 potuisset,
389 2085 482 2149 idem
519 2086 592 2169 ipse
629 2086 721 2149 ferro
758 2086 915 2151 fervente
954 2087 996 2150 de
1034 2086 1206 2163 omnibus,
1247 2106 1336 2168 quae

164 2173 197 2236 ei
220 2171 468 2251 obiciebantur,
500 2174 699 2238 criminibus
723 2195 759 2239 se
783 2175 935 2238 ostendit
963 2175 1190 2237 immunemss.
1237 2174 1336 2238 Missi

164 2264 247 2325 sunt
275 2261 393 2343 itaque
424 2262 466 2325 ab
495 2263 581 2327 urbe
610 2256 857 2345 Mogontiacah
889 2255 1096 2347 presbyterii
1131 2265 1235 2345 atque
1266 2264 1336 2326 dia-v

66 2413 68 2415 ,
164 2369 266 2415 concs
290 2370 369 2436 cum
388 2350 541 2432 reliquiis
566 2355 601 2415 et
625 2352 792 2429 crucibus,
817 2352 876 2433 qui
891 2351 1083 2434 malignum
1106 2350 1266 2434 spiritum
1289 2351 1334 2415 ab

164 2459 205 2503 eo
228 2439 304 2503 loco
327 2439 549 2524 expellerent.
589 2439 657 2504 Sed
671 2439 741 2502 illis
757 2441 795 2502 in
810 2441 959 2522 quadam
975 2441 1086 2516 domo,
1109 2440 1170 2502 ubi
1185 2441 1332 2503 maxime

163 2527 347 2605 saeviebat,
378 2522 547 2592 letaniask
573 2528 755 2610 agentibus
787 2531 822 2592 et
850 2548 974 2611 aquam
1001 2527 1220 2592 benedictam
1244 2549 1335 2611 epar·-

162 2616 324 2697 gentibus
360 2617 521 2698 antiquus
556 2617 666 2679 hostis
698 2616 883 2680 nonnullos
914 2637 956 2681 ex
985 2618 1104 2680 eadem
1133 2616 1218 2680 villa
1247 2617 1334 2679 illuc

163 2704 406 2767 convenientes
429 2705 590 2767 iactando
613 2704 746 2788 lapides
770 2705 980 2782 cruentavit;
1010 2708 1128 2768 tamen
1157 2705 1335 2768 modicum

161 2791 325 2874 temporis
349 2811 369 2853 a
392 2811 454 2854 sua
481 2790 705 2856 infestatione
736 2795 875 2875 quievit.
922 2794 1109 2876 Postquam
1138 2813 1219 2857 vero
1250 2794 1331 2856 inde

162 2879 402 2955 discesserunt,
421 2880 486 2961 qui
505 2880 599 2943 missi
621 2880 771 2958 fuerant,
795 2882 887 2946 idem
903 2882 1012 2945 hostis
1028 2880 1146 2944 multis
1164 2881 1334 2945 audienti·-

160 2966 226 3030 bus
248 2966 413 3049 lugubres
437 2968 546 3031 edidit
570 2988 758 3046 sermones;
788 2990 870 3033 nam
897 2971 1135 3053 presbyterum
1158 2971 1334 3051 quendam

160 3055 364 3118 nominatim
389 3056 579 3140 exprimens
604 3077 639 3120 se
663 3059 727 3121 sub
752 3078 860 3142 cappa
882 3059 977 3122 illius
1000 3059 1136 3122 stetisse
1157 3057 1334 3141 professus

160 3146 214 3208 est
238 3163 279 3208 ea
302 3145 396 3221 hora,
421 3147 559 3227 quando
583 3166 672 3227 aqua
694 3145 877 3211 benedicta
900 3147 1145 3231 aspergebatur
1164 3147 1201 3208 in
1217 3147 1330 3209 domo.

161 3231 294 3310 Quibus
324 3253 365 3297 se·
390 3254 471 3316 prae
500 3235 623 3298 timore
654 3235 871 3317 signantibus
894 3236 986 3298 idem
1009 3235 1118 3298 hostis
1142 3236 1185 3298 de
1209 3235 1334 3298 eodem

159 3322 374 3406 presbytero:
395 3322 522 3400 ‘Meus',
540 3322 663 3405 inquit,
683 3323 849 3407 ‘proprius
866 3317 935 3387 est¹
959 3343 1090 3400 servus3
1117 3344 1137 3386 a
1153 3344 1220 3405 quo
1237 3322 1332 3386 enim

159 3411 235 3492 quis
265 3414 455 3493 superatur,
488 3412 591 3476 huius
619 3415 655 3476 et
683 3431 799 3476 servus
823 3415 891 3488 est;
923 3413 1003 3493 quia
1032 3431 1142 3494 nuper
1171 3431 1226 3474 me
1256 3431 1330 3473 sua-

159 3499 264 3563 dente
289 3520 367 3563 cum
390 3499 463 3563 filia
485 3501 715 3583 procuratoris
739 3501 839 3563 istius
856 3500 960 3563 villae
985 3499 1191 3564 concubuit’.
1229 3498 1328 3577 Quod

158 3585 292 3650 iactum
320 3587 438 3651 nullus
468 3588 667 3652 mortalium
696 3592 800 3652 antea
829 3589 959 3653 sciebat
989 3589 1139 3671 exceptis
1170 3588 1237 3664 his,
1270 3587 1328 3669 qui

158 3673 224 3738 hoc
248 3676 377 3738 crimen
404 3679 694 3759 perpetraverant.
741 3677 844 3740 Patet
868 3696 948 3759 ergo
956 3682 989 3753 ¹¹¹,
1018 3676 1099 3758 quia
1126 3677 1223 3739 iuxta
1245 3675 1331 3738 veri·

156 3763 241 3825 tatis
266 3765 496 3827 sententiam²
518 3765 632 3827 nihiln
659 3769 818 3848 opertum
842 3769 903 3842 est,
932 3767 1025 3847 quod
1053 3786 1123 3828 non
1145 3765 1329 3828 reveletur.

158 3983 180 4035 a)
194 3986 315 4025 cammunti
329 3986 411 4028 tacta.
492 3987 515 4033 b)
530 3988 648 4036 nequiciae
662 3989 696 4029 3111.
704 3999 720 4030 c.
802 3988 822 4039 c)
839 3987 942 4028 iaciendo
957 3991 975 4030 1.
1057 3987 1080 4035 d)
1094 3988 1194 4027 excussit
1207 3989 1289 4030 Sede.
1303 3988 1327 4029 F.

158 4040 180 4083 e)
192 4039 249 4076 dccet
263 4041 281 4080 1.
324 4039 446 4086 Oillornm
459 4040 542 4083 31111,
583 4041 605 4090 g)
620 4041 673 4082 inm.
687 4042 745 4083 ide.
793 4042 816 4089 h)
830 4043 943 4090 mogontia
958 4045 980 4092 1;
995 4041 1206 4090 mogonciscascc.
1247 4042 1264 4088 i)
1277 4052 1330 4090 prc-

158 4090 237 4139 spiteri
252 4093 270 4133 1.
325 4092 349 4139 k)
363 4093 473 4131 laetanias
487 4095 506 4135 1.
561 4094 576 4141 l)
592 4098 627 4133 est
641 4095 745 4143 proprius
761 4096 779 4136 1.
833 4097 863 4142 m)
878 4095 945 4134 etiam
960 4097 978 4136 1.
1032 4097 1056 4141 n)
1070 4095 1140 4133 nichil
1154 4095 1184 4136 31,
1192 4095 1237 4136 cl,e,

156 4282 184 4420 ἑ)
201 4284 351 4410 adunque&
378 4287 456 4411 que'e
482 4288 618 4354 Kempien,
646 4304 730 4354 supra
755 4289 872 4353 Binqcm
897 4291 926 4340 in
952 4291 1065 4341 sinistra
1083 4288 1173 4340 Rheni
1196 4290 1268 4355 ripa.
1296 4289 1332 4339 P.

231 4371 248 4405 a
292 4397 297 4409 .
352 4395 360 4422 ,
418 4399 424 4411 .
