2978 4934
179 439 216 493 ro
458 432 550 492 Anu.
567 433 678 492 rum.
696 433 797 489 Pnas
815 432 870 489 111.
887 431 1078 504 (uooour.)

180 618 288 701 capiti
311 637 372 680 suo
396 616 439 680 ab
463 616 557 680 illius
574 616 724 680 civitatis
740 617 898 700 episcopo
915 616 1068 700 imponia
1095 619 1130 680 et
1153 635 1190 680 se
1212 617 1357 701 impera·

179 709 291 769 torem
322 709 358 769 et
387 708 574 787 augustum
604 704 702 786 quasi
732 705 801 768 duo
830 724 939 787 regna
970 697 1207 788 possessurusb
1242 706 1355 790 appel-

181 793 273 857 lare⁰
301 793 488 877 praecepit.

288 879 415 946 Omnes
439 884 556 945 autem
579 875 799 944 Hludouicid
824 876 928 962 *regis
956 881 1020 943 filii
1043 881 1081 944 in
1104 881 1246 945 diversis
1270 881 1443 954 locissss.

178 968 282 1033 rebus
312 989 473 1053 prospere
503 969 609 1051 gestis
640 969 714 1033 sine
745 970 890 1032 damno⁰
925 968 1077 1032 militum
1107 988 1246 1032 suorum
1275 989 1354 1033 cum

178 1059 356 1141 triumpho
380 1059 526 1140 regressi
550 1060 641 1120 sunt.
688 1057 832 1121 Behemi
849 1058 986 1121 dextras
1002 1056 1067 1120 sibi
1084 1076 1105 1120 a
1121 1051 1350 1121 Oarlmannof

180 1147 255 1210 dari
278 1149 404 1229 petunt
428 1149 463 1210 et
487 1145 672 1228 accipiunt.

730 1313 793 1385 870

288 1424 541 1491 DCOCLXX.g
595 1419 846 1490 Hludowicusll
883 1447 943 1490 rex
978 1428 1020 1491 de
1054 1427 1257 1492 infirmitate
1292 1448 1354 1492 sua

77 1536 170 1581 rara.
181 1514 422 1579 convalescens
463 1534 580 1578 mense
621 1514 809 1578 Februario
854 1515 892 1578 in
933 1515 1171 1598 purificatione
1213 1520 1353 1581 sanciae

179 1603 312 1667 Mariae
343 1603 388 1666 ad
411 1602 665 1666 Franconofurt
688 1603 809 1666 villain
837 1603 937 1686 regni
966 1604 1020 1667 sui
1049 1604 1206 1687 pervenit
1236 1604 1353 1686 ibique

179 1690 345 1774 plurimos
370 1691 412 1754 de
436 1690 660 1774 optimatibus
680 1683 876 1756 Hlotharii¹
904 1692 963 1754 diu
986 1691 1086 1754 illum
1110 1687 1351 1776 opperientesk

178 1780 217 1841 in
246 1799 347 1842 suum
377 1780 527 1863 suscepit
557 1779 747 1843 dominium
778 1782 813 1844 et
842 1779 1047 1843 beneficium
1076 1779 1146 1843 illis
1175 1800 1195 1843 a
1221 1781 1352 1845 Karolo

179 1866 356 1930 sublatum
377 1867 542 1931 restituit.
588 1867 759 1930 Nonnulli
783 1867 897 1943 etiam,
922 1868 981 1949 qui
1004 1868 1098 1951 prius
1122 1888 1201 1931 curn
1221 1869 1352 1933 Karolo

178 1955 329 2032 fuerant,
355 1975 434 2019 eum
457 1957 652 2019 deserentes
676 1957 721 2018 ad
742 1948 1006 2019 Hludouicumh
1032 1959 1212 2021 venerunt.
1258 1957 1353 2021 Liut·

178 2042 298 2107 bertus
321 2037 563 2125 Mogontinae¹
594 2044 713 2107 sedis¹n
736 2044 1011 2127 archiepiscopus
1042 2065 1121 2108 cum
1147 2045 1353 2127 quibusdam

77 2130 407 2214 unnusuffraganeis
441 2132 511 2195 suis
542 2130 747 2196 Coloniam¹1
784 2132 960 2215 profectus
991 2132 1229 2197 Willibertum
1263 2154 1353 2216 pres-

178 2219 358 2304 byterum⁹
385 2220 480 2284 iussu
496 2213 720 2284 Hludouicih
745 2220 836 2302 regis
861 2223 895 2284 et
918 2221 1046 2284 totiusl'
1067 2220 1150 2285 cleri
1174 2225 1210 2285 et
1232 2223 1352 2305 populi

179 2308 349 2372 electione
380 2309 486 2373 etiam
508 2309 660 2372 Karolo‘¹
691 2308 832 2373 nolente
856 2309 893 2371 in
916 2309 1031 2372 locum
1055 2307 1241 2373 Guntharii
1266 2311 1353 2373 ordi-

178 2396 276 2460 navit
300 2397 498 2481 episcopum
507 2396 528 2459 1.

286 2485 513 2549 Zuentibaldr
547 2505 653 2569 nepos
675 2485 824 2548 Rastizi⁸
857 2484 1002 2568 propriis
1032 2485 1245 2549 utilitatibus
1277 2506 1352 2549 con-

178 2573 295 2637 sulens
318 2593 354 2638 se
379 2571 604 2637 Oarlmannot
633 2593 704 2636 una
732 2593 810 2637 cum
832 2593 949 2654 regno,
981 2574 1073 2654 quod
1101 2573 1254 2650 tenebat,
1285 2577 1352 2638 tra-

180 2661 279 2724 didit.
314 2661 416 2725 Unde
435 2662 551 2725 Rastia
574 2662 798 2725 vehementer
821 2662 929 2724 iratus
952 2661 1071 2745 nepoti
1094 2661 1229 2726 occulte
1253 2663 1352 2745 ponit

178 2749 320 2812 insidias
344 2752 379 2813 et
403 2769 482 2812 eum
504 2750 541 2812 in
565 2748 720 2813 convivio
743 2749 854 2812 nihilu
881 2749 963 2812 mali
994 2751 1226 2833 suspicantem
1254 2751 1352 2832 iugu-

178 2835 251 2900 lare
282 2837 448 2920 disponit;
480 2839 540 2900 sed
570 2837 683 2920 gratia
706 2837 773 2902 Dei
804 2857 824 2900 a
851 2837 1004 2922 periculo
1033 2839 1153 2901 mortis
1183 2838 1351 2902 liberatus

179 2926 241 2987 est.
287 2923 378 2986 Nam
401 2928 588 3006 antequam
610 2925 673 3001 illi,
705 2926 866 3007 quicum
889 2926 1047 2990 necaturi
1071 2929 1178 3003 erant,
1211 2928 1352 2989 domum

178 3012 359 3088 intrarent,
390 3013 538 3076 surrexit
568 3014 610 3077 de
640 3013 715 3077 loco
744 3015 890 3077 convivii
914 3017 1089 3078 annuente
1112 3013 1178 3078 sibi
1200 3015 1352 3097 quodam

178 3099 333 3164 eiusdem
361 3100 494 3163 fraudis
524 3101 659 3165 conscio
683 3105 718 3166 et
742 3103 840 3184 quasi
868 3123 946 3166 cum
973 3102 1190 3165 falconibusv
1217 3098 1351 3184 ludlum

179 3182 381 3268 errerclensw
410 3192 652 3273 praeparatasx
685 3190 853 3254 devitavit
881 3191 1035 3254 insidias.
1086 3191 1202 3254 Rastia
1232 3194 1351 3255 autem

177 3277 298 3341 videns
327 3278 541 3341 denudatum
566 3277 748 3341 consilium
771 3299 870 3341 suum
893 3282 1056 3362 nepotem
1079 3299 1157 3342 cum
1180 3278 1349 3342 militibus

178 3364 275 3446 quasi
311 3367 617 3449 comprehensurus
651 3367 860 3448 insequitur;
901 3367 962 3430 sed
996 3367 1086 3430 iusto
1120 3367 1247 3430 iudicio
1281 3365 1350 3430 Dei

179 3456 299 3536 captus
331 3458 383 3518 est
413 3454 546 3536 laqueo,
578 3475 679 3536 quem
708 3455 874 3518 tetendit:
906 3474 988 3517 nam
1011 3455 1054 3518 ab
1079 3455 1199 3518 eodem
1222 3459 1348 3538 nepote

178 3561 240 3604 suo
265 3543 576 3626 comprehenditur,
601 3543 730 3625 ligatur
754 3546 790 3607 et
809 3542 1046 3605 Karlmannoy
1072 3546 1347 3626 praesentatur²;

177 3648 199 3693 a
222 3650 289 3711 quo
312 3630 376 3694 sub
400 3631 568 3694 militibus
591 3630 701 3707 illum,
732 3651 776 3694 ne
805 3630 989 3708 laberetur,
1019 3630 1282 3694 observantibus
1311 3631 1351 3693 in

177 3716 373 3782 Baioariam
396 3719 518 3783 missus
541 3739 649 3801 usque
673 3721 717 3783 ad
735 3719 966 3802 praesentiam
987 3718 1078 3801 regis
1101 3720 1289 3784 serrandus
1312 3719 1350 3781 in

177 3806 392 3887 ergastulum
423 3807 624 3871 retruditur.
677 3807 937 3871 Karlmannusa
970 3827 1051 3871 vero
1079 3827 1225 3890 regnum
1254 3806 1349 3870 illius

176 3977 199 4024 a)
213 3975 259 4025 inp.
274 3976 294 4019 2,
368 3977 391 4026 b)
405 3988 512 4026 passurus
526 3978 545 4019 2.
620 3981 640 4027 c)
654 3979 764 4028 appellari
778 3979 798 4021 2.
872 3976 895 4027 (1)
908 3975 992 4021 ludow.
1005 3979 1035 4021 se.
1110 3981 1131 4027 e)
1145 3976 1242 4027 dampno
1256 3978 1275 4020 2.
1290 3978 1349 4022 lida

176 4029 288 4075 Μαι-11η.
302 4029 332 4071 30.
387 4030 754 4081 ngeect13DOOOLXVIllL2.
801 4032 825 4080 h)
839 4030 933 4074 Ludotv.
943 4034 962 4073 1.
971 4032 1002 4074 te.
1051 4031 1349 4081 i)h1uth.corr.hloth.1;

177 4081 251 4123 hluth.
260 4083 359 4134 3⁶.d.F;
374 4083 430 4126 luth.
440 4086 470 4127 30.
510 4084 534 4131 k)
548 4085 676 4134 operientes
690 4086 773 4128 abac.
814 4086 830 4133 1)
844 4085 975 4140 moguntine
988 4085 1019 4126 3⁶.
1059 4087 1089 4133 m)
1099 4083 1160 4135 sedis
1171 4086 1189 4127 1.
1230 4087 1254 4131 n)
1264 4085 1321 4122 decet
1330 4087 1349 4126 1.

176 4137 199 4182 ο)
214 4135 344 4184 episcopum
358 4138 377 4180 1.
431 4139 455 4186 p)
469 4138 540 4176 tocius
555 4139 637 4180 bada
688 4141 711 4188 q)
725 4139 788 4177 karlo
802 4139 886 4180 bada.
942 4140 961 4186 r)
976 4138 1100 4177 zuentibalt
1114 4139 1144 4180 be.
1194 4139 1212 4185 s)
1227 4138 1305 4176 rustici
1319 4138 1351 4180 30.

176 4189 195 4235 t)
208 4187 289 4231 karlm.
303 4189 361 4232 bad.
402 4191 425 4237 u)
439 4190 509 4228 nichil
523 4191 634 4233 iliade.
675 4193 698 4239 v)
712 4191 836 4230 flaconibus
850 4191 913 4233 md.
954 4193 984 4239 w)
999 4189 1079 4230 ludens
1090 4192 1108 4233 1.
1148 4192 1172 4238 x)
1187 4194 1319 4239 preparatas
1331 4192 1350 4234 1,

176 4243 201 4291 y)
215 4243 291 4285 carim.
305 4242 325 4285 s.
338 4244 364 4286 F.
418 4243 438 4295 a)
452 4253 510 4292 pres.
525 4245 544 4286 1.
597 4246 620 4292 a)
634 4245 710 4286 carim.
724 4245 743 4287 2.
757 4245 782 4287 F.

176 4380 205 4448 1)
223 4382 264 4448 Os.
283 4383 354 4437 Ann.
372 4381 457 4438 Xant.
475 4385 536 4438 871.
555 4391 579 4436 et
596 4385 690 4450 Rapio.
708 4385 799 4440 chron.
818 4387 885 4448 869,·
903 4385 1044 4438 Dammlcr
1062 4384 1101 4450 II,
1117 4402 1147 4451 p.
1160 4386 1312 4440 aso—293.
