<?xml version="1.0" encoding="UTF-8"?>
<!DOCTYPE html PUBLIC "-//W3C//DTD XHTML 1.0 Transitional//EN"
    "http://www.w3.org/TR/xhtml1/DTD/xhtml1-transitional.dtd">
<html xmlns="http://www.w3.org/1999/xhtml" xml:lang="en" lang="en">
 <head>
  <title>
</title>
<meta http-equiv="Content-Type" content="text/html;charset=utf-8" />
  <meta name='ocr-system' content='tesseract 3.04.00' />
  <meta name='ocr-capabilities' content='ocr_page ocr_carea ocr_par ocr_line ocrx_word'/>
</head>
<body>
  <div class='ocr_page' id='page_1' title='image "./annalesfuldense00pertgoog_0142.png"; bbox 0 0 2978 4934; ppageno 0'>
   <div class='ocr_carea' id='block_1_1' title="bbox 379 452 1270 511">
    <p class='ocr_par' dir='ltr' id='par_1_1' title="bbox 379 452 1270 511">
     <span class='ocr_line' id='line_1_1' title="bbox 379 452 1270 511; baseline 0.001 -2"><span class='ocrx_word' id='word_1_1' title='bbox 379 453 529 509; x_wconf 80' lang='lat' dir='ltr'>OONTIN.</span> <span class='ocrx_word' id='word_1_2' title='bbox 548 452 749 510; x_wconf 83' lang='lat' dir='ltr'>RATISBON.</span> <span class='ocrx_word' id='word_1_3' title='bbox 786 453 822 511; x_wconf 84' lang='lat' dir='ltr'>A.</span> <span class='ocrx_word' id='word_1_4' title='bbox 840 456 992 511; x_wconf 86' lang='grc'><strong>889-891.</strong></span> <span class='ocrx_word' id='word_1_5' title='bbox 1219 456 1270 511; x_wconf 89' lang='grc'>119</span> 
     </span>
    </p>
   </div>
   <div class='ocr_carea' id='block_1_2' title="bbox 99 636 1271 723">
    <p class='ocr_par' dir='ltr' id='par_1_2' title="bbox 99 636 1271 723">
     <span class='ocr_line' id='line_1_2' title="bbox 99 636 1271 723; baseline -0.002 -21"><span class='ocrx_word' id='word_1_6' title='bbox 99 640 163 703; x_wconf 90' lang='lat' dir='ltr'>bus</span> <span class='ocrx_word' id='word_1_7' title='bbox 186 639 330 723; x_wconf 82' lang='lat' dir='ltr'>paganis</span> <span class='ocrx_word' id='word_1_8' title='bbox 352 642 508 722; x_wconf 91' lang='lat' dir='ltr'>ereptum</span> <span class='ocrx_word' id='word_1_9' title='bbox 531 639 575 700; x_wconf 90' lang='lat' dir='ltr'>ad</span> <span class='ocrx_word' id='word_1_10' title='bbox 597 658 698 702; x_wconf 88' lang='lat' dir='ltr'>suum</span> <span class='ocrx_word' id='word_1_11' title='bbox 713 657 798 720; x_wconf 93' lang='lat' dir='ltr'>opus</span> <span class='ocrx_word' id='word_1_12' title='bbox 814 636 1053 718; x_wconf 88' lang='lat' dir='ltr'>restringendo</span> <span class='ocrx_word' id='word_1_13' title='bbox 1069 637 1271 719; x_wconf 77' lang='lat' dir='ltr'>dignaretur</span> 
     </span>
    </p>
   </div>
   <div class='ocr_carea' id='block_1_3' title="bbox 98 725 1427 1851">
    <p class='ocr_par' dir='ltr' id='par_1_3' title="bbox 98 725 1427 1851">
     <span class='ocr_line' id='line_1_3' title="bbox 98 725 1271 807; baseline -0.003 -17"><span class='ocrx_word' id='word_1_14' title='bbox 98 730 227 792; x_wconf 89' lang='lat' dir='ltr'>tenere.</span> <span class='ocrx_word' id='word_1_15' title='bbox 264 726 333 791; x_wconf 81' lang='lat' dir='ltr'>Sed</span> <span class='ocrx_word' id='word_1_16' title='bbox 346 745 407 789; x_wconf 86' lang='lat' dir='ltr'>rex</span> <span class='ocrx_word' id='word_1_17' title='bbox 422 725 634 789; x_wconf 69' lang='lat' dir='ltr'><strong>multimodis</strong></span> <span class='ocrx_word' id='word_1_18' title='bbox 659 725 770 789; x_wconf 86' lang='lat' dir='ltr'>causis</span> <span class='ocrx_word' id='word_1_19' title='bbox 792 726 830 788; x_wconf 92' lang='lat' dir='ltr'>in</span> <span class='ocrx_word' id='word_1_20' title='bbox 850 744 911 788; x_wconf 88' lang='lat' dir='ltr'>suo</span> <span class='ocrx_word' id='word_1_21' title='bbox 926 743 1033 807; x_wconf 90' lang='lat' dir='ltr'>regno</span> <span class='ocrx_word' id='word_1_22' title='bbox 1051 726 1271 789; x_wconf 82' lang='lat' dir='ltr'>excrescenti-</span> 
     </span>
     <span class='ocr_line' id='line_1_4' title="bbox 98 812 1269 899; baseline -0.003 -20"><span class='ocrx_word' id='word_1_23' title='bbox 98 814 163 879; x_wconf 86' lang='lat' dir='ltr'>bus</span> <span class='ocrx_word' id='word_1_24' title='bbox 192 816 413 899; x_wconf 88' lang='lat' dir='ltr'>praepeditus</span> <span class='ocrx_word' id='word_1_25' title='bbox 444 815 598 897; x_wconf 79' lang='lat' dir='ltr'>quamvis</span> <span class='ocrx_word' id='word_1_26' title='bbox 627 834 699 877; x_wconf 93' lang='lat' dir='ltr'>non</span> <span class='ocrx_word' id='word_1_27' title='bbox 727 813 840 878; x_wconf 87' lang='lat' dir='ltr'>libens</span> <span class='ocrx_word' id='word_1_28' title='bbox 869 812 1046 897; x_wconf 88' lang='lat' dir='ltr'>postulata</span> <span class='ocrx_word' id='word_1_29' title='bbox 1075 813 1269 895; x_wconf 77' lang='lat' dir='ltr'>denegavit.</span> 
     </span>
     <span class='ocr_line' id='line_1_5' title="bbox 98 901 1333 987; baseline -0.001 -21"><span class='ocrx_word' id='word_1_30' title='bbox 98 904 182 968; x_wconf 91' lang='lat' dir='ltr'>Post</span> <span class='ocrx_word' id='word_1_31' title='bbox 211 905 339 987; x_wconf 88' lang='lat' dir='ltr'>pascha</span> <span class='ocrx_word' id='word_1_32' title='bbox 368 923 486 967; x_wconf 90' lang='lat' dir='ltr'>mense</span> <span class='ocrx_word' id='word_1_33' title='bbox 509 903 626 966; x_wconf 89' lang='lat' dir='ltr'>Madio</span> <span class='ocrx_word' id='word_1_34' title='bbox 653 902 746 978; x_wconf 78' lang='lat' dir='ltr'>villa,</span> <span class='ocrx_word' id='word_1_35' title='bbox 774 921 866 984; x_wconf 88' lang='lat' dir='ltr'>quae</span> <span class='ocrx_word' id='word_1_36' title='bbox 896 901 1024 964; x_wconf 89' lang='lat' dir='ltr'>dicitur</span> <span class='ocrx_word' id='word_1_37' title='bbox 1051 901 1333 979; x_wconf 72' lang='lat' dir='ltr'>Forahheim,mr</span> 
     </span>
     <span class='ocr_line' id='line_1_6' title="bbox 100 988 1271 1074; baseline -0.003 -18"><span class='ocrx_word' id='word_1_38' title='bbox 100 1013 177 1056; x_wconf 90' lang='lat' dir='ltr'>cum</span> <span class='ocrx_word' id='word_1_39' title='bbox 209 992 278 1056; x_wconf 88' lang='lat' dir='ltr'>suis</span> <span class='ocrx_word' id='word_1_40' title='bbox 310 992 530 1074; x_wconf 83' lang='lat' dir='ltr'>conloquium</span> <span class='ocrx_word' id='word_1_41' title='bbox 559 991 693 1054; x_wconf 91' lang='lat' dir='ltr'>habuit.</span> <span class='ocrx_word' id='word_1_42' title='bbox 739 990 796 1054; x_wconf 90' lang='lat' dir='ltr'>Ibi</span> <span class='ocrx_word' id='word_1_43' title='bbox 825 991 870 1054; x_wconf 96' lang='lat' dir='ltr'>ad</span> <span class='ocrx_word' id='word_1_44' title='bbox 899 1009 978 1054; x_wconf 87' lang='lat' dir='ltr'>eum</span> <span class='ocrx_word' id='word_1_45' title='bbox 1001 989 1074 1053; x_wconf 89' lang='lat' dir='ltr'>filia</span> <span class='ocrx_word' id='word_1_46' title='bbox 1095 988 1271 1053; x_wconf 86' lang='lat' dir='ltr'>Hludwioi</span> 
     </span>
     <span class='ocr_line' id='line_1_7' title="bbox 99 1078 1271 1162; baseline -0.002 -18"><span class='ocrx_word' id='word_1_47' title='bbox 99 1081 216 1144; x_wconf 89' lang='lat' dir='ltr'>Italici</span> <span class='ocrx_word' id='word_1_48' title='bbox 239 1079 350 1162; x_wconf 87' lang='lat' dir='ltr'>regis1</span> <span class='ocrx_word' id='word_1_49' title='bbox 371 1080 477 1143; x_wconf 86' lang='lat' dir='ltr'>vidua</span> <span class='ocrx_word' id='word_1_50' title='bbox 500 1079 627 1143; x_wconf 92' lang='lat' dir='ltr'>Bosoni</span> <span class='ocrx_word' id='word_1_51' title='bbox 649 1079 789 1162; x_wconf 86' lang='lat' dir='ltr'>tyranni</span> <span class='ocrx_word' id='word_1_52' title='bbox 812 1078 946 1160; x_wconf 90' lang='lat' dir='ltr'>magnis</span> <span class='ocrx_word' id='word_1_53' title='bbox 971 1098 1049 1142; x_wconf 89' lang='lat' dir='ltr'>oum</span> <span class='ocrx_word' id='word_1_54' title='bbox 1070 1078 1271 1142; x_wconf 87' lang='lat' dir='ltr'>muneribus</span> 
     </span>
     <span class='ocr_line' id='line_1_8' title="bbox 98 1167 1270 1251; baseline -0.003 -20"><span class='ocrx_word' id='word_1_55' title='bbox 98 1169 240 1232; x_wconf 82' lang='lat' dir='ltr'>veniens</span> <span class='ocrx_word' id='word_1_56' title='bbox 274 1169 462 1233; x_wconf 89' lang='lat' dir='ltr'>honorifice</span> <span class='ocrx_word' id='word_1_57' title='bbox 497 1171 657 1251; x_wconf 88' lang='lat' dir='ltr'>suscepta</span> <span class='ocrx_word' id='word_1_58' title='bbox 691 1187 730 1231; x_wconf 90' lang='lat' dir='ltr'>ac</span> <span class='ocrx_word' id='word_1_59' title='bbox 765 1167 810 1230; x_wconf 96' lang='lat' dir='ltr'>ad</span> <span class='ocrx_word' id='word_1_60' title='bbox 844 1167 982 1250; x_wconf 90' lang='lat' dir='ltr'>propria</span> <span class='ocrx_word' id='word_1_61' title='bbox 1013 1167 1154 1230; x_wconf 89' lang='lat' dir='ltr'>remissa</span> <span class='ocrx_word' id='word_1_62' title='bbox 1186 1169 1239 1231; x_wconf 88' lang='lat' dir='ltr'>est</span> <span class='ocrx_word' id='word_1_63' title='bbox 1248 1168 1270 1227; x_wconf 78' lang='lat'>².</span> 
     </span>
     <span class='ocr_line' id='line_1_9' title="bbox 98 1254 1271 1339; baseline -0.002 -20"><span class='ocrx_word' id='word_1_64' title='bbox 98 1257 172 1321; x_wconf 85' lang='lat' dir='ltr'>Rex</span> <span class='ocrx_word' id='word_1_65' title='bbox 194 1256 244 1321; x_wconf 92' lang='lat' dir='ltr'>ibi</span> <span class='ocrx_word' id='word_1_66' title='bbox 266 1256 369 1321; x_wconf 90' lang='lat' dir='ltr'>rebus</span> <span class='ocrx_word' id='word_1_67' title='bbox 394 1256 577 1339; x_wconf 71' lang='lat' dir='ltr'>dispositis,</span> <span class='ocrx_word' id='word_1_68' title='bbox 608 1258 711 1339; x_wconf 90' lang='lat' dir='ltr'>prout</span> <span class='ocrx_word' id='word_1_69' title='bbox 741 1254 881 1339; x_wconf 88' lang='lat' dir='ltr'>placuit,</span> <span class='ocrx_word' id='word_1_70' title='bbox 914 1275 1017 1318; x_wconf 89' lang='lat' dir='ltr'>eausa</span> <span class='ocrx_word' id='word_1_71' title='bbox 1046 1255 1210 1319; x_wconf 86' lang='lat' dir='ltr'>orationis</span> <span class='ocrx_word' id='word_1_72' title='bbox 1233 1255 1271 1317; x_wconf 90' lang='lat' dir='ltr'>in</span> 
     </span>
     <span class='ocr_line' id='line_1_10' title="bbox 98 1343 1271 1427; baseline -0.001 -19"><span class='ocrx_word' id='word_1_73' title='bbox 98 1344 308 1408; x_wconf 85' lang='lat' dir='ltr'>Alamannia</span> <span class='ocrx_word' id='word_1_74' title='bbox 330 1346 488 1426; x_wconf 83' lang='lat' dir='ltr'>Augeam</span> <span class='ocrx_word' id='word_1_75' title='bbox 512 1343 819 1427; x_wconf 77' lang='lat' dir='ltr'>Constantiamque</span> <span class='ocrx_word' id='word_1_76' title='bbox 849 1344 1020 1427; x_wconf 85' lang='lat' dir='ltr'>pervenit;</span> <span class='ocrx_word' id='word_1_77' title='bbox 1052 1344 1132 1407; x_wconf 90' lang='lat' dir='ltr'>inde</span> <span class='ocrx_word' id='word_1_78' title='bbox 1161 1363 1271 1425; x_wconf 89' lang='lat' dir='ltr'>regre-</span> 
     </span>
     <span class='ocr_line' id='line_1_11' title="bbox 99 1431 1375 1497; baseline -0.001 0"><span class='ocrx_word' id='word_1_79' title='bbox 99 1434 196 1497; x_wconf 89' lang='lat' dir='ltr'>diens</span> <span class='ocrx_word' id='word_1_80' title='bbox 219 1433 304 1497; x_wconf 91' lang='lat' dir='ltr'>urbe</span> <span class='ocrx_word' id='word_1_81' title='bbox 327 1433 555 1497; x_wconf 68' lang='lat' dir='ltr'>Radasbona³</span> <span class='ocrx_word' id='word_1_82' title='bbox 581 1431 700 1496; x_wconf 89' lang='lat' dir='ltr'>natale</span> <span class='ocrx_word' id='word_1_83' title='bbox 724 1432 853 1496; x_wconf 73' lang='lat' dir='ltr'>christi</span> <span class='ocrx_word' id='word_1_84' title='bbox 877 1431 1074 1495; x_wconf 86' lang='lat' dir='ltr'>celebravit.</span> <span class='ocrx_word' id='word_1_85' title='bbox 1281 1453 1375 1496; x_wconf 62' lang='lat' dir='ltr'>neers.</span> 
     </span>
     <span class='ocr_line' id='line_1_12' title="bbox 207 1520 1427 1604; baseline -0.002 -20"><span class='ocrx_word' id='word_1_86' title='bbox 207 1521 369 1586; x_wconf 82' lang='lat' dir='ltr'>Salomon</span> <span class='ocrx_word' id='word_1_87' title='bbox 393 1520 618 1584; x_wconf 72' lang='lat' dir='ltr'>Constantius</span> <span class='ocrx_word' id='word_1_88' title='bbox 649 1521 836 1604; x_wconf 89' lang='lat' dir='ltr'>episcopus,</span> <span class='ocrx_word' id='word_1_89' title='bbox 868 1521 920 1583; x_wconf 85' lang='lat' dir='ltr'>vir</span> <span class='ocrx_word' id='word_1_90' title='bbox 950 1520 1043 1584; x_wconf 79' lang='lat' dir='ltr'>vitae</span> <span class='ocrx_word' id='word_1_91' title='bbox 1072 1520 1269 1604; x_wconf 87' lang='lat' dir='ltr'>probabilis,</span> <span class='ocrx_word' id='word_1_92' title='bbox 1280 1542 1427 1592; x_wconf 65' lang='lat' dir='ltr'>omnam</span> 
     </span>
     <span class='ocr_line' id='line_1_13' title="bbox 99 1608 1272 1693; baseline -0.003 -19"><span class='ocrx_word' id='word_1_93' title='bbox 99 1610 224 1688; x_wconf 78' lang='lat' dir='ltr'>obiic³;</span> <span class='ocrx_word' id='word_1_94' title='bbox 250 1611 306 1673; x_wconf 88' lang='lat' dir='ltr'>cui</span> <span class='ocrx_word' id='word_1_95' title='bbox 322 1611 505 1693; x_wconf 83' lang='lat' dir='ltr'>equivocus</span> <span class='ocrx_word' id='word_1_96' title='bbox 522 1611 604 1686; x_wconf 88' lang='lat' dir='ltr'>eius,</span> <span class='ocrx_word' id='word_1_97' title='bbox 627 1608 790 1672; x_wconf 80' lang='lat' dir='ltr'>Salomon</span> <span class='ocrx_word' id='word_1_98' title='bbox 804 1609 928 1685; x_wconf 87' lang='lat' dir='ltr'>iunior,</span> <span class='ocrx_word' id='word_1_99' title='bbox 952 1609 1080 1673; x_wconf 89' lang='lat' dir='ltr'>tercius</span> <span class='ocrx_word' id='word_1_100' title='bbox 1104 1609 1272 1691; x_wconf 90' lang='lat' dir='ltr'>siquidem</span> 
     </span>
     <span class='ocr_line' id='line_1_14' title="bbox 98 1697 1271 1781; baseline -0.001 -20"><span class='ocrx_word' id='word_1_101' title='bbox 98 1702 183 1761; x_wconf 89' lang='lat' dir='ltr'>tnnc</span> <span class='ocrx_word' id='word_1_102' title='bbox 214 1698 367 1763; x_wconf 87' lang='lat' dir='ltr'>eiusdem</span> <span class='ocrx_word' id='word_1_103' title='bbox 396 1698 545 1761; x_wconf 87' lang='lat' dir='ltr'>nominis</span> <span class='ocrx_word' id='word_1_104' title='bbox 575 1697 742 1762; x_wconf 88' lang='lat' dir='ltr'>vocabulo</span> <span class='ocrx_word' id='word_1_105' title='bbox 777 1697 814 1759; x_wconf 89' lang='lat' dir='ltr'>in</span> <span class='ocrx_word' id='word_1_106' title='bbox 845 1698 962 1761; x_wconf 92' lang='lat' dir='ltr'>sedem</span> <span class='ocrx_word' id='word_1_107' title='bbox 992 1697 1170 1781; x_wconf 91' lang='lat' dir='ltr'>episcopus</span> <span class='ocrx_word' id='word_1_108' title='bbox 1200 1717 1271 1760; x_wconf 90' lang='lat' dir='ltr'>suc·</span> 
     </span>
     <span class='ocr_line' id='line_1_15' title="bbox 100 1787 212 1851; baseline -0.018 -1"><span class='ocrx_word' id='word_1_109' title='bbox 100 1787 212 1851; x_wconf 88' lang='lat' dir='ltr'>cessit.</span> 
     </span>
    </p>
   </div>
   <div class='ocr_carea' id='block_1_4' title="bbox 648 1903 724 1974">
    <p class='ocr_par' dir='ltr' id='par_1_4' title="bbox 648 1903 724 1974">
     <span class='ocr_line' id='line_1_16' title="bbox 648 1903 724 1974; baseline -0.013 0"><span class='ocrx_word' id='word_1_110' title='bbox 648 1903 724 1974; x_wconf 74' lang='lat'>891.</span> 
     </span>
    </p>
   </div>
   <div class='ocr_carea' id='block_1_5' title="bbox 99 2014 1386 3866">
    <p class='ocr_par' dir='ltr' id='par_1_5' title="bbox 99 2014 1284 2187">
     <span class='ocr_line' id='line_1_17' title="bbox 206 2014 1284 2099; baseline 0.001 -21"><span class='ocrx_word' id='word_1_111' title='bbox 206 2014 422 2079; x_wconf 79' lang='lat' dir='ltr'>Dcecxcl.</span> <span class='ocrx_word' id='word_1_112' title='bbox 467 2015 541 2079; x_wconf 85' lang='lat' dir='ltr'>Rex</span> <span class='ocrx_word' id='word_1_113' title='bbox 564 2014 697 2097; x_wconf 88' lang='lat' dir='ltr'>legatos</span> <span class='ocrx_word' id='word_1_114' title='bbox 721 2035 799 2078; x_wconf 89' lang='lat' dir='ltr'>suos</span> <span class='ocrx_word' id='word_1_115' title='bbox 822 2036 884 2098; x_wconf 92' lang='lat' dir='ltr'>pro</span> <span class='ocrx_word' id='word_1_116' title='bbox 899 2017 1097 2079; x_wconf 88' lang='lat' dir='ltr'>renovanda</span> <span class='ocrx_word' id='word_1_117' title='bbox 1119 2035 1203 2099; x_wconf 89' lang='lat' dir='ltr'>pace</span> <span class='ocrx_word' id='word_1_118' title='bbox 1227 2016 1284 2079; x_wconf 85' lang='lat' dir='ltr'>ad·</span> 
     </span>
     <span class='ocr_line' id='line_1_18' title="bbox 99 2103 1188 2187; baseline 0.002 -21"><span class='ocrx_word' id='word_1_119' title='bbox 99 2105 258 2167; x_wconf 87' lang='lat' dir='ltr'>Maravos</span> <span class='ocrx_word' id='word_1_120' title='bbox 279 2104 481 2168; x_wconf 87' lang='lat' dir='ltr'>transmisit.</span> <span class='ocrx_word' id='word_1_121' title='bbox 527 2103 712 2168; x_wconf 78' lang='lat' dir='ltr'>Embricho</span> <span class='ocrx_word' id='word_1_122' title='bbox 735 2103 870 2186; x_wconf 86' lang='lat' dir='ltr'>Regino</span> <span class='ocrx_word' id='word_1_123' title='bbox 892 2103 977 2168; x_wconf 92' lang='lat' dir='ltr'>urbe</span> <span class='ocrx_word' id='word_1_124' title='bbox 1001 2105 1188 2187; x_wconf 90' lang='lat' dir='ltr'>episcopus,</span> 
     </span>
    </p>

    <p class='ocr_par' dir='ltr' id='par_1_6' title="bbox 99 2190 1380 2786">
     <span class='ocr_line' id='line_1_19' title="bbox 207 2190 1148 2275; baseline 0 -20"><span class='ocrx_word' id='word_1_125' title='bbox 207 2192 269 2255; x_wconf 89' lang='lat' dir='ltr'>Vir</span> <span class='ocrx_word' id='word_1_126' title='bbox 291 2193 439 2275; x_wconf 88' lang='lat' dir='ltr'>paciens,</span> <span class='ocrx_word' id='word_1_127' title='bbox 463 2190 614 2269; x_wconf 89' lang='lat' dir='ltr'>humilis,</span> <span class='ocrx_word' id='word_1_128' title='bbox 641 2192 772 2255; x_wconf 89' lang='lat' dir='ltr'>sobrius</span> <span class='ocrx_word' id='word_1_129' title='bbox 796 2192 953 2274; x_wconf 88' lang='lat' dir='ltr'>fidusque</span> <span class='ocrx_word' id='word_1_130' title='bbox 976 2192 1148 2269; x_wconf 87' lang='lat' dir='ltr'>manebat,</span> 
     </span>
     <span class='ocr_line' id='line_1_20' title="bbox 99 2279 1380 2363; baseline -0.004 -19"><span class='ocrx_word' id='word_1_131' title='bbox 99 2282 213 2363; x_wconf 87' lang='lat' dir='ltr'>gravis</span> <span class='ocrx_word' id='word_1_132' title='bbox 243 2283 336 2345; x_wconf 88' lang='lat' dir='ltr'>etate</span> <span class='ocrx_word' id='word_1_133' title='bbox 365 2279 516 2344; x_wconf 85' lang='lat' dir='ltr'>feliciter</span> <span class='ocrx_word' id='word_1_134' title='bbox 551 2280 642 2343; x_wconf 91' lang='lat' dir='ltr'>diem</span> <span class='ocrx_word' id='word_1_135' title='bbox 673 2279 836 2342; x_wconf 91' lang='lat' dir='ltr'>ultimum</span> <span class='ocrx_word' id='word_1_136' title='bbox 870 2280 1027 2344; x_wconf 76' lang='lat' dir='ltr'>clausit4.</span> <span class='ocrx_word' id='word_1_137' title='bbox 1080 2280 1162 2363; x_wconf 88' lang='lat' dir='ltr'>Ipsa</span> <span class='ocrx_word' id='word_1_138' title='bbox 1191 2300 1271 2345; x_wconf 88' lang='lat' dir='ltr'>vero</span> <span class='ocrx_word' id='word_1_139' title='bbox 1281 2301 1380 2350; x_wconf 85' lang='lat' dir='ltr'>(1u1.14).</span> 
     </span>
     <span class='ocr_line' id='line_1_21' title="bbox 101 2367 1272 2433; baseline -0.001 -1"><span class='ocrx_word' id='word_1_140' title='bbox 101 2369 222 2432; x_wconf 86' lang='lat' dir='ltr'>civitas</span> <span class='ocrx_word' id='word_1_141' title='bbox 238 2369 355 2433; x_wconf 72' lang='lat' dir='ltr'>divina</span> <span class='ocrx_word' id='word_1_142' title='bbox 370 2369 503 2432; x_wconf 90' lang='lat' dir='ltr'>ultione</span> <span class='ocrx_word' id='word_1_143' title='bbox 519 2367 645 2430; x_wconf 89' lang='lat' dir='ltr'>mirum</span> <span class='ocrx_word' id='word_1_144' title='bbox 667 2369 705 2431; x_wconf 91' lang='lat' dir='ltr'>in</span> <span class='ocrx_word' id='word_1_145' title='bbox 727 2369 869 2432; x_wconf 88' lang='lat' dir='ltr'>modum</span> <span class='ocrx_word' id='word_1_146' title='bbox 891 2368 1007 2432; x_wconf 90' lang='lat' dir='ltr'>subito</span> <span class='ocrx_word' id='word_1_147' title='bbox 1029 2369 1170 2432; x_wconf 89' lang='lat' dir='ltr'>incensa</span> <span class='ocrx_word' id='word_1_148' title='bbox 1193 2389 1272 2432; x_wconf 89' lang='lat' dir='ltr'>cum</span> 
     </span>
     <span class='ocr_line' id='line_1_22' title="bbox 100 2456 1378 2538; baseline 0 -18"><span class='ocrx_word' id='word_1_149' title='bbox 100 2457 259 2520; x_wconf 89' lang='lat' dir='ltr'>omnibus</span> <span class='ocrx_word' id='word_1_150' title='bbox 287 2457 584 2533; x_wconf 85' lang='lat' dir='ltr'>machinamentis,</span> <span class='ocrx_word' id='word_1_151' title='bbox 609 2457 714 2520; x_wconf 91' lang='lat' dir='ltr'>etiam</span> <span class='ocrx_word' id='word_1_152' title='bbox 738 2456 890 2520; x_wconf 89' lang='lat' dir='ltr'>ecclesiis</span> <span class='ocrx_word' id='word_1_153' title='bbox 906 2456 997 2518; x_wconf 91' lang='lat' dir='ltr'>IIII.</span> <span class='ocrx_word' id='word_1_154' title='bbox 1014 2456 1067 2519; x_wconf 94' lang='lat' dir='ltr'>Id.</span> <span class='ocrx_word' id='word_1_155' title='bbox 1085 2458 1174 2538; x_wconf 83' lang='lat' dir='ltr'>Aug.</span> <span class='ocrx_word' id='word_1_156' title='bbox 1195 2477 1378 2527; x_wconf 59' lang='lat' dir='ltr'>con-sano.</span> 
     </span>
     <span class='ocr_line' id='line_1_23' title="bbox 100 2544 1272 2629; baseline 0.001 -20"><span class='ocrx_word' id='word_1_157' title='bbox 100 2549 252 2609; x_wconf 88' lang='lat' dir='ltr'>cremata</span> <span class='ocrx_word' id='word_1_158' title='bbox 275 2548 336 2622; x_wconf 88' lang='lat' dir='ltr'>est,</span> <span class='ocrx_word' id='word_1_159' title='bbox 362 2545 512 2629; x_wconf 88' lang='lat' dir='ltr'>exceptis</span> <span class='ocrx_word' id='word_1_160' title='bbox 537 2545 658 2608; x_wconf 87' lang='lat' dir='ltr'>domus</span> <span class='ocrx_word' id='word_1_161' title='bbox 674 2545 785 2609; x_wconf 91' lang='lat' dir='ltr'>sancti</span> <span class='ocrx_word' id='word_1_162' title='bbox 800 2544 1043 2608; x_wconf 77' lang='lat' dir='ltr'>Emmerammi</span> <span class='ocrx_word' id='word_1_163' title='bbox 1061 2545 1212 2608; x_wconf 87' lang='lat' dir='ltr'>martiris</span> <span class='ocrx_word' id='word_1_164' title='bbox 1236 2549 1272 2610; x_wconf 90' lang='lat' dir='ltr'>et</span> 
     </span>
     <span class='ocr_line' id='line_1_24' title="bbox 100 2632 1271 2716; baseline -0.002 -18"><span class='ocrx_word' id='word_1_165' title='bbox 100 2634 245 2698; x_wconf 89' lang='lat' dir='ltr'>ecclesia</span> <span class='ocrx_word' id='word_1_166' title='bbox 267 2634 380 2697; x_wconf 88' lang='lat' dir='ltr'>sancti</span> <span class='ocrx_word' id='word_1_167' title='bbox 404 2632 559 2697; x_wconf 74' lang='lat' dir='ltr'>Cassiani</span> <span class='ocrx_word' id='word_1_168' title='bbox 588 2633 702 2697; x_wconf 90' lang='lat' dir='ltr'>media</span> <span class='ocrx_word' id='word_1_169' title='bbox 731 2633 817 2698; x_wconf 88' lang='lat' dir='ltr'>urbe</span> <span class='ocrx_word' id='word_1_170' title='bbox 841 2633 1031 2697; x_wconf 85' lang='lat' dir='ltr'>constituta</span> <span class='ocrx_word' id='word_1_171' title='bbox 1053 2633 1096 2698; x_wconf 86' lang='lat' dir='ltr'>ab</span> <span class='ocrx_word' id='word_1_172' title='bbox 1119 2634 1200 2716; x_wconf 89' lang='lat' dir='ltr'>igne</span> <span class='ocrx_word' id='word_1_173' title='bbox 1224 2634 1271 2696; x_wconf 92' lang='lat' dir='ltr'>di·</span> 
     </span>
     <span class='ocr_line' id='line_1_25' title="bbox 99 2721 510 2786; baseline -0.002 -2"><span class='ocrx_word' id='word_1_174' title='bbox 99 2722 229 2785; x_wconf 88' lang='lat' dir='ltr'>vinitus</span> <span class='ocrx_word' id='word_1_175' title='bbox 254 2721 394 2786; x_wconf 86' lang='lat' dir='ltr'>defense</span> <span class='ocrx_word' id='word_1_176' title='bbox 418 2725 510 2785; x_wconf 89' lang='lat' dir='ltr'>sunt.</span> 
     </span>
    </p>

    <p class='ocr_par' dir='ltr' id='par_1_7' title="bbox 99 2809 1386 3866">
     <span class='ocr_line' id='line_1_26' title="bbox 206 2809 1271 2892; baseline 0.002 -20"><span class='ocrx_word' id='word_1_177' title='bbox 206 2809 422 2874; x_wconf 88' lang='lat' dir='ltr'>Nordmanni</span> <span class='ocrx_word' id='word_1_178' title='bbox 449 2810 558 2892; x_wconf 89' lang='lat' dir='ltr'>igitur</span> <span class='ocrx_word' id='word_1_179' title='bbox 588 2810 673 2874; x_wconf 88' lang='lat' dir='ltr'>fines</span> <span class='ocrx_word' id='word_1_180' title='bbox 700 2810 968 2874; x_wconf 88' lang='lat' dir='ltr'>occidentalium</span> <span class='ocrx_word' id='word_1_181' title='bbox 990 2809 1201 2874; x_wconf 82' lang='lat' dir='ltr'>Francorum</span> <span class='ocrx_word' id='word_1_182' title='bbox 1224 2811 1271 2874; x_wconf 92' lang='lat' dir='ltr'>in·</span> 
     </span>
     <span class='ocr_line' id='line_1_27' title="bbox 99 2891 1271 2981; baseline 0.002 -20"><span class='ocrx_word' id='word_1_183' title='bbox 99 2899 274 2974; x_wconf 87' lang='lat' dir='ltr'>vadentes,</span> <span class='ocrx_word' id='word_1_184' title='bbox 300 2900 391 2981; x_wconf 91' lang='lat' dir='ltr'>quod</span> <span class='ocrx_word' id='word_1_185' title='bbox 415 2900 459 2960; x_wconf 89' lang='lat' dir='ltr'>ad</span> <span class='ocrx_word' id='word_1_186' title='bbox 482 2891 759 2962; x_wconf 81' lang='lat' dir='ltr'>defendendumb</span> <span class='ocrx_word' id='word_1_187' title='bbox 788 2899 957 2963; x_wconf 85' lang='lat' dir='ltr'>exercitus</span> <span class='ocrx_word' id='word_1_188' title='bbox 981 2919 1001 2962; x_wconf 89' lang='lat' dir='ltr'>a</span> <span class='ocrx_word' id='word_1_189' title='bbox 1024 2899 1171 2963; x_wconf 80' lang='lat' dir='ltr'>Francia</span> <span class='ocrx_word' id='word_1_190' title='bbox 1194 2900 1271 2963; x_wconf 92' lang='lat' dir='ltr'>diri-</span> 
     </span>
     <span class='ocr_line' id='line_1_28' title="bbox 99 2985 1270 3072; baseline 0.002 -23"><span class='ocrx_word' id='word_1_191' title='bbox 99 2987 210 3070; x_wconf 87' lang='lat' dir='ltr'>gitur;</span> <span class='ocrx_word' id='word_1_192' title='bbox 246 2986 295 3051; x_wconf 90' lang='lat' dir='ltr'>ibi</span> <span class='ocrx_word' id='word_1_193' title='bbox 326 2985 562 3050; x_wconf 80' lang='lat' dir='ltr'>Sundaroldus</span> <span class='ocrx_word' id='word_1_194' title='bbox 592 2986 888 3069; x_wconf 89' lang='lat' dir='ltr'>Magonciaeensis</span> <span class='ocrx_word' id='word_1_195' title='bbox 918 2987 1193 3072; x_wconf 88' lang='lat' dir='ltr'>archiepiscopus</span> <span class='ocrx_word' id='word_1_196' title='bbox 1222 2988 1270 3051; x_wconf 90' lang='lat' dir='ltr'>in·</span> 
     </span>
     <span class='ocr_line' id='line_1_29' title="bbox 100 3073 1386 3152; baseline 0.005 -15"><span class='ocrx_word' id='word_1_197' title='bbox 100 3077 200 3139; x_wconf 86' lang='lat' dir='ltr'>caute</span> <span class='ocrx_word' id='word_1_198' title='bbox 215 3074 286 3138; x_wconf 91' lang='lat' dir='ltr'>illis</span> <span class='ocrx_word' id='word_1_199' title='bbox 302 3073 506 3138; x_wconf 85' lang='lat' dir='ltr'>occurrens⁵</span> <span class='ocrx_word' id='word_1_200' title='bbox 528 3075 733 3138; x_wconf 76' lang='lat' dir='ltr'>interfectus</span> <span class='ocrx_word' id='word_1_201' title='bbox 754 3079 815 3152; x_wconf 87' lang='lat' dir='ltr'>est,</span> <span class='ocrx_word' id='word_1_202' title='bbox 839 3076 877 3137; x_wconf 90' lang='lat' dir='ltr'>in</span> <span class='ocrx_word' id='word_1_203' title='bbox 894 3076 989 3139; x_wconf 90' lang='lat' dir='ltr'>cuius</span> <span class='ocrx_word' id='word_1_204' title='bbox 1013 3075 1129 3140; x_wconf 90' lang='lat' dir='ltr'>locum</span> <span class='ocrx_word' id='word_1_205' title='bbox 1143 3076 1386 3144; x_wconf 66' lang='lat' dir='ltr'>Haddouunac.</span> 
     </span>
     <span class='ocr_line' id='line_1_30' title="bbox 100 3162 1270 3245; baseline 0.003 -19"><span class='ocrx_word' id='word_1_206' title='bbox 100 3162 205 3227; x_wconf 91' lang='lat' dir='ltr'>abbas</span> <span class='ocrx_word' id='word_1_207' title='bbox 240 3164 412 3245; x_wconf 83' lang='lat' dir='ltr'>Augensis</span> <span class='ocrx_word' id='word_1_208' title='bbox 448 3163 596 3240; x_wconf 91' lang='lat' dir='ltr'>cenobii,</span> <span class='ocrx_word' id='word_1_209' title='bbox 636 3165 739 3227; x_wconf 92' lang='lat' dir='ltr'>homo</span> <span class='ocrx_word' id='word_1_210' title='bbox 774 3163 910 3228; x_wconf 91' lang='lat' dir='ltr'>subtilis</span> <span class='ocrx_word' id='word_1_211' title='bbox 944 3164 1090 3245; x_wconf 89' lang='lat' dir='ltr'>ingenii,</span> <span class='ocrx_word' id='word_1_212' title='bbox 1127 3166 1270 3229; x_wconf 87' lang='lat' dir='ltr'>antistes</span> 
     </span>
     <span class='ocr_line' id='line_1_31' title="bbox 100 3250 1266 3333; baseline 0.002 -19"><span class='ocrx_word' id='word_1_213' title='bbox 100 3251 333 3315; x_wconf 85' lang='lat' dir='ltr'>constituitur.</span> <span class='ocrx_word' id='word_1_214' title='bbox 379 3250 546 3314; x_wconf 83' lang='lat' dir='ltr'>Amolfus</span> <span class='ocrx_word' id='word_1_215' title='bbox 577 3271 657 3333; x_wconf 87' lang='lat' dir='ltr'>ergo</span> <span class='ocrx_word' id='word_1_216' title='bbox 687 3271 747 3315; x_wconf 86' lang='lat' dir='ltr'>rex</span> <span class='ocrx_word' id='word_1_217' title='bbox 776 3252 820 3315; x_wconf 94' lang='lat' dir='ltr'>ob</span> <span class='ocrx_word' id='word_1_218' title='bbox 850 3253 916 3314; x_wconf 88' lang='lat' dir='ltr'>hcc</span> <span class='ocrx_word' id='word_1_219' title='bbox 945 3251 1183 3316; x_wconf 88' lang='lat' dir='ltr'>ulciscendum</span> <span class='ocrx_word' id='word_1_220' title='bbox 1209 3254 1266 3316; x_wconf 79' lang='lat' dir='ltr'>in⁰</span> 
     </span>
     <span class='ocr_line' id='line_1_32' title="bbox 99 3338 1270 3406; baseline 0.003 -4"><span class='ocrx_word' id='word_1_221' title='bbox 99 3338 341 3403; x_wconf 86' lang='lat' dir='ltr'>Nordmannos</span> <span class='ocrx_word' id='word_1_222' title='bbox 371 3359 450 3402; x_wconf 90' lang='lat' dir='ltr'>cum</span> <span class='ocrx_word' id='word_1_223' title='bbox 472 3340 613 3403; x_wconf 80' lang='lat' dir='ltr'>Francis</span> <span class='ocrx_word' id='word_1_224' title='bbox 637 3339 865 3403; x_wconf 80' lang='lat' dir='ltr'>Alamannico</span> <span class='ocrx_word' id='word_1_225' title='bbox 896 3340 1049 3403; x_wconf 82' lang='lat' dir='ltr'>exercitu</span> <span class='ocrx_word' id='word_1_226' title='bbox 1075 3339 1200 3404; x_wconf 89' lang='lat' dir='ltr'>inutile</span> <span class='ocrx_word' id='word_1_227' title='bbox 1224 3361 1270 3406; x_wconf 92' lang='lat' dir='ltr'>se·</span> 
     </span>
     <span class='ocr_line' id='line_1_33' title="bbox 101 3426 1270 3511; baseline 0.002 -21"><span class='ocrx_word' id='word_1_228' title='bbox 101 3447 179 3490; x_wconf 93' lang='lat' dir='ltr'>cum</span> <span class='ocrx_word' id='word_1_229' title='bbox 196 3430 371 3511; x_wconf 87' lang='lat' dir='ltr'>assumpto</span> <span class='ocrx_word' id='word_1_230' title='bbox 393 3429 460 3492; x_wconf 88' lang='lat' dir='ltr'>iter</span> <span class='ocrx_word' id='word_1_231' title='bbox 476 3428 632 3511; x_wconf 86' lang='lat' dir='ltr'>arripuit.</span> <span class='ocrx_word' id='word_1_232' title='bbox 671 3426 740 3491; x_wconf 81' lang='lat' dir='ltr'>Sed</span> <span class='ocrx_word' id='word_1_233' title='bbox 755 3427 942 3491; x_wconf 81' lang='lat' dir='ltr'>Alamanni</span> <span class='ocrx_word' id='word_1_234' title='bbox 960 3427 1057 3510; x_wconf 89' lang='lat' dir='ltr'>quasi</span> <span class='ocrx_word' id='word_1_235' title='bbox 1073 3431 1270 3510; x_wconf 87' lang='lat' dir='ltr'>egrotantes</span> 
     </span>
     <span class='ocr_line' id='line_1_34' title="bbox 100 3515 1365 3599; baseline 0.002 -22"><span class='ocrx_word' id='word_1_236' title='bbox 100 3535 121 3577; x_wconf 89' lang='lat' dir='ltr'>a</span> <span class='ocrx_word' id='word_1_237' title='bbox 142 3535 223 3597; x_wconf 87' lang='lat' dir='ltr'>rege</span> <span class='ocrx_word' id='word_1_238' title='bbox 247 3516 387 3580; x_wconf 93' lang='lat' dir='ltr'>domum</span> <span class='ocrx_word' id='word_1_239' title='bbox 409 3515 537 3599; x_wconf 87' lang='lat' dir='ltr'>relapsi</span> <span class='ocrx_word' id='word_1_240' title='bbox 560 3519 656 3592; x_wconf 90' lang='lat' dir='ltr'>sunt;</span> <span class='ocrx_word' id='word_1_241' title='bbox 688 3516 761 3599; x_wconf 93' lang='lat' dir='ltr'>ipse</span> <span class='ocrx_word' id='word_1_242' title='bbox 785 3535 863 3579; x_wconf 87' lang='lat' dir='ltr'>oum</span> <span class='ocrx_word' id='word_1_243' title='bbox 886 3516 1027 3579; x_wconf 72' lang='lat' dir='ltr'>Francis</span> <span class='ocrx_word' id='word_1_244' title='bbox 1051 3517 1095 3580; x_wconf 85' lang='lat' dir='ltr'>ad</span> <span class='ocrx_word' id='word_1_245' title='bbox 1117 3517 1365 3588; x_wconf 63' lang='lat' dir='ltr'>occidendas).</span> 
     </span>
     <span class='ocr_line' id='line_1_35' title="bbox 99 3603 1271 3687; baseline 0.003 -21"><span class='ocrx_word' id='word_1_246' title='bbox 99 3607 171 3667; x_wconf 90' lang='lat' dir='ltr'>tem</span> <span class='ocrx_word' id='word_1_247' title='bbox 186 3624 347 3687; x_wconf 90' lang='lat' dir='ltr'>prospere</span> <span class='ocrx_word' id='word_1_248' title='bbox 363 3604 538 3687; x_wconf 84' lang='lat' dir='ltr'>profectus</span> <span class='ocrx_word' id='word_1_249' title='bbox 554 3608 616 3668; x_wconf 90' lang='lat' dir='ltr'>est.</span> <span class='ocrx_word' id='word_1_250' title='bbox 651 3603 868 3668; x_wconf 89' lang='lat' dir='ltr'>Nordmanni</span> <span class='ocrx_word' id='word_1_251' title='bbox 880 3604 1058 3668; x_wconf 87' lang='lat' dir='ltr'>devastata</span> <span class='ocrx_word' id='word_1_252' title='bbox 1070 3625 1112 3669; x_wconf 82' lang='lat' dir='ltr'>ex</span> <span class='ocrx_word' id='word_1_253' title='bbox 1123 3605 1271 3669; x_wconf 87' lang='lat' dir='ltr'>maxima</span> 
     </span>
     <span class='ocr_line' id='line_1_36' title="bbox 99 3691 1271 3776; baseline 0.002 -22"><span class='ocrx_word' id='word_1_254' title='bbox 99 3695 198 3774; x_wconf 84' lang='lat' dir='ltr'>parte</span> <span class='ocrx_word' id='word_1_255' title='bbox 221 3691 420 3755; x_wconf 90' lang='lat' dir='ltr'>Hlotharici</span> <span class='ocrx_word' id='word_1_256' title='bbox 442 3693 541 3775; x_wconf 91' lang='lat' dir='ltr'>regni</span> <span class='ocrx_word' id='word_1_257' title='bbox 563 3693 703 3775; x_wconf 89' lang='lat' dir='ltr'>regione</span> <span class='ocrx_word' id='word_1_258' title='bbox 726 3713 831 3776; x_wconf 90' lang='lat' dir='ltr'>prope</span> <span class='ocrx_word' id='word_1_259' title='bbox 854 3691 959 3756; x_wconf 87' lang='lat' dir='ltr'>fluvio</span> <span class='ocrx_word' id='word_1_260' title='bbox 982 3691 1074 3776; x_wconf 82' lang='lat' dir='ltr'>Dyla</span> <span class='ocrx_word' id='word_1_261' title='bbox 1096 3692 1181 3770; x_wconf 92' lang='lat' dir='ltr'>loco,</span> <span class='ocrx_word' id='word_1_262' title='bbox 1211 3695 1271 3776; x_wconf 95' lang='lat' dir='ltr'>qui</span> 
     </span>
     <span class='ocr_line' id='line_1_37' title="bbox 100 3779 1271 3866; baseline 0.003 -24"><span class='ocrx_word' id='word_1_263' title='bbox 100 3779 228 3843; x_wconf 88' lang='lat' dir='ltr'>dicitur</span> <span class='ocrx_word' id='word_1_264' title='bbox 249 3780 496 3857; x_wconf 66' lang='lat' dir='ltr'>Lovonniumss,</span> <span class='ocrx_word' id='word_1_265' title='bbox 528 3781 666 3863; x_wconf 90' lang='lat' dir='ltr'>sepibus</span> <span class='ocrx_word' id='word_1_266' title='bbox 693 3801 787 3845; x_wconf 92' lang='lat' dir='ltr'>more</span> <span class='ocrx_word' id='word_1_267' title='bbox 811 3801 930 3845; x_wconf 91' lang='lat' dir='ltr'>eorum</span> <span class='ocrx_word' id='word_1_268' title='bbox 951 3781 1146 3845; x_wconf 88' lang='lat' dir='ltr'>municione</span> <span class='ocrx_word' id='word_1_269' title='bbox 1170 3785 1271 3866; x_wconf 89' lang='lat' dir='ltr'>cepta</span> 
     </span>
    </p>
   </div>
   <div class='ocr_carea' id='block_1_6' title="bbox 99 3966 912 4020">
    <p class='ocr_par' dir='ltr' id='par_1_8' title="bbox 99 3966 912 4020">
     <span class='ocr_line' id='line_1_38' title="bbox 99 3966 912 4020; baseline 0.006 -12"><span class='ocrx_word' id='word_1_270' title='bbox 99 3970 121 4016; x_wconf 76' lang='lat' dir='ltr'>a)</span> <span class='ocrx_word' id='word_1_271' title='bbox 135 3966 264 4019; x_wconf 77' lang='lat' dir='ltr'>radaspona</span> <span class='ocrx_word' id='word_1_272' title='bbox 278 3979 335 4012; x_wconf 81' lang='lat' dir='ltr'>corr.</span> <span class='ocrx_word' id='word_1_273' title='bbox 349 3966 476 4009; x_wconf 77' lang='lat' dir='ltr'>radasbona</span> <span class='ocrx_word' id='word_1_274' title='bbox 490 3970 510 4013; x_wconf 78' lang='lat'>3.</span> <span class='ocrx_word' id='word_1_275' title='bbox 563 3970 587 4018; x_wconf 90' lang='lat' dir='ltr'>b)</span> <span class='ocrx_word' id='word_1_276' title='bbox 601 3967 723 4009; x_wconf 75' lang='lat' dir='ltr'>delendum</span> <span class='ocrx_word' id='word_1_277' title='bbox 736 3971 756 4012; x_wconf 76' lang='lat'>3.</span> <span class='ocrx_word' id='word_1_278' title='bbox 811 3971 832 4020; x_wconf 90' lang='lat' dir='ltr'>e)</span> <span class='ocrx_word' id='word_1_279' title='bbox 845 3971 878 4010; x_wconf 76' lang='lat' dir='ltr'>lta</span> <span class='ocrx_word' id='word_1_280' title='bbox 892 3971 912 4014; x_wconf 78' lang='grc'>3.</span> 
     </span>
    </p>
   </div>
   <div class='ocr_carea' id='block_1_7' title="bbox 95 4125 1275 4478">
    <p class='ocr_par' dir='ltr' id='par_1_9' title="bbox 100 4125 1275 4196">
     <span class='ocr_line' id='line_1_39' title="bbox 100 4125 1275 4196; baseline 0.003 -15"><span class='ocrx_word' id='word_1_281' title='bbox 100 4125 127 4192; x_wconf 97' lang='grc'>1)</span> <span class='ocrx_word' id='word_1_282' title='bbox 143 4127 339 4193; x_wconf 74' lang='lat' dir='ltr'>Ermiayardo.</span> <span class='ocrx_word' id='word_1_283' title='bbox 429 4128 458 4194; x_wconf 79' lang='grc'>2)</span> <span class='ocrx_word' id='word_1_284' title='bbox 479 4128 536 4180; x_wconf 85' lang='lat' dir='ltr'>Hoc</span> <span class='ocrx_word' id='word_1_285' title='bbox 558 4143 630 4180; x_wconf 76' lang='lat' dir='ltr'>arao</span> <span class='ocrx_word' id='word_1_286' title='bbox 644 4129 747 4196; x_wconf 79' lang='lat' dir='ltr'>priore,</span> <span class='ocrx_word' id='word_1_287' title='bbox 774 4144 825 4195; x_wconf 80' lang='lat' dir='ltr'>qao</span> <span class='ocrx_word' id='word_1_288' title='bbox 848 4131 909 4181; x_wconf 72' lang='lat' dir='ltr'>item</span> <span class='ocrx_word' id='word_1_289' title='bbox 932 4145 1018 4182; x_wconf 69' lang='lat' dir='ltr'>owner</span> <span class='ocrx_word' id='word_1_290' title='bbox 1035 4131 1111 4183; x_wconf 79' lang='lat' dir='ltr'>Maio</span> <span class='ocrx_word' id='word_1_291' title='bbox 1134 4137 1275 4185; x_wconf 72' lang='lat' dir='ltr'>caventes</span> 
     </span>
    </p>

    <p class='ocr_par' dir='ltr' id='par_1_10' title="bbox 99 4198 1271 4268">
     <span class='ocr_line' id='line_1_40' title="bbox 99 4198 1271 4268; baseline 0.005 -19"><span class='ocrx_word' id='word_1_292' title='bbox 99 4198 207 4250; x_wconf 79' lang='lat' dir='ltr'>habitae</span> <span class='ocrx_word' id='word_1_293' title='bbox 224 4205 270 4264; x_wconf 81' lang='lat' dir='ltr'>cet,</span> <span class='ocrx_word' id='word_1_294' title='bbox 291 4199 392 4262; x_wconf 76' lang='lat' dir='ltr'>factam</span> <span class='ocrx_word' id='word_1_295' title='bbox 409 4214 463 4251; x_wconf 80' lang='lat' dir='ltr'>csse</span> <span class='ocrx_word' id='word_1_296' title='bbox 474 4199 616 4251; x_wconf 68' lang='lat' dir='ltr'>Dammler</span> <span class='ocrx_word' id='word_1_297' title='bbox 626 4198 682 4266; x_wconf 82' lang='lat' dir='ltr'>III,</span> <span class='ocrx_word' id='word_1_298' title='bbox 697 4218 726 4268; x_wconf 86' lang='lat' dir='ltr'>p.</span> <span class='ocrx_word' id='word_1_299' title='bbox 739 4202 792 4254; x_wconf 77' lang='lat'>332</span> <span class='ocrx_word' id='word_1_300' title='bbox 804 4201 989 4253; x_wconf 78' lang='lat' dir='ltr'>Maratcriam</span> <span class='ocrx_word' id='word_1_301' title='bbox 1007 4208 1110 4253; x_wconf 70' lang='lat' dir='ltr'>ecatus</span> <span class='ocrx_word' id='word_1_302' title='bbox 1126 4204 1271 4256; x_wconf 68' lang='lat' dir='ltr'>caiatiam.</span> 
     </span>
    </p>

    <p class='ocr_par' dir='ltr' id='par_1_11' title="bbox 99 4268 1268 4339">
     <span class='ocr_line' id='line_1_41' title="bbox 99 4268 1268 4339; baseline 0.001 -17"><span class='ocrx_word' id='word_1_303' title='bbox 99 4268 126 4334; x_wconf 92' lang='grc'>3)</span> <span class='ocrx_word' id='word_1_304' title='bbox 143 4270 177 4324; x_wconf 80' lang='grc' dir='ltr'>Α.</span> <span class='ocrx_word' id='word_1_305' title='bbox 196 4271 258 4325; x_wconf 84' lang='grc'>889.</span> <span class='ocrx_word' id='word_1_306' title='bbox 277 4269 338 4323; x_wconf 87' lang='lat' dir='ltr'>Dec.</span> <span class='ocrx_word' id='word_1_307' title='bbox 357 4272 408 4332; x_wconf 84' lang='lat'>23,·</span> <span class='ocrx_word' id='word_1_308' title='bbox 432 4270 574 4321; x_wconf 66' lang='lat' dir='ltr'>Dammler</span> <span class='ocrx_word' id='word_1_309' title='bbox 591 4270 647 4335; x_wconf 83' lang='lat' dir='ltr'>III,</span> <span class='ocrx_word' id='word_1_310' title='bbox 669 4287 699 4337; x_wconf 79' lang='lat' dir='ltr'>p.</span> <span class='ocrx_word' id='word_1_311' title='bbox 718 4272 779 4324; x_wconf 85' lang='lat'>344.</span> <span class='ocrx_word' id='word_1_312' title='bbox 869 4271 1030 4338; x_wconf 78' lang='lat' dir='ltr'>4)1ol.14,·</span> <span class='ocrx_word' id='word_1_313' title='bbox 1054 4272 1196 4325; x_wconf 67' lang='lat' dir='ltr'>Dammkr·</span> <span class='ocrx_word' id='word_1_314' title='bbox 1213 4272 1268 4339; x_wconf 88' lang='lat' dir='ltr'>III,</span> 
     </span>
    </p>

    <p class='ocr_par' dir='ltr' id='par_1_12' title="bbox 95 4339 1271 4478">
     <span class='ocr_line' id='line_1_42' title="bbox 95 4339 1271 4478; baseline 0.001 -85"><span class='ocrx_word' id='word_1_315' title='bbox 95 4341 199 4461; x_wconf 59' lang='grc' dir='ltr'><em>ῙΙὶήίὸἳ.</em></span> <span class='ocrx_word' id='word_1_316' title='bbox 219 4339 282 4465; x_wconf 58' lang='grc' dir='ltr'>34ἓ)</span> <span class='ocrx_word' id='word_1_317' title='bbox 293 4340 338 4391; x_wconf 83' lang='lat' dir='ltr'>Ad</span> <span class='ocrx_word' id='word_1_318' title='bbox 350 4346 492 4478; x_wconf 50' lang='lat' dir='ltr'>mmm</span> <span class='ocrx_word' id='word_1_319' title='bbox 506 4341 617 4392; x_wconf 72' lang='lat' dir='ltr'>Goliam</span> <span class='ocrx_word' id='word_1_320' title='bbox 629 4341 738 4407; x_wconf 71' lang='lat' dir='ltr'>(Gaulo)</span> <span class='ocrx_word' id='word_1_321' title='bbox 750 4341 813 4397; x_wconf 82' lang='lat' dir='ltr'>Iun.</span> <span class='ocrx_word' id='word_1_322' title='bbox 825 4343 877 4404; x_wconf 73' lang='lat'>255</span> <span class='ocrx_word' id='word_1_323' title='bbox 894 4342 929 4406; x_wconf 84' lang='lat' dir='ltr'>cf.</span> <span class='ocrx_word' id='word_1_324' title='bbox 942 4342 1036 4408; x_wconf 71' lang='lat' dir='ltr'>Rapio.</span> <span class='ocrx_word' id='word_1_325' title='bbox 1048 4344 1111 4410; x_wconf 83' lang='lat'>891,</span> <span class='ocrx_word' id='word_1_326' title='bbox 1130 4343 1271 4395; x_wconf 65' lang='lat' dir='ltr'>Dammlor</span> 
     </span>
     <span class='ocr_line' id='line_1_43' title="bbox 145 4425 514 4478; baseline 0.008 -16"><span class='ocrx_word' id='word_1_327' title='bbox 145 4427 200 4478; x_wconf 68' lang='lat' dir='ltr'>,p</span> <span class='ocrx_word' id='word_1_328' title='bbox 274 4452 280 4466; x_wconf 95' lang='lat'>.</span> <span class='ocrx_word' id='word_1_329' title='bbox 423 4425 514 4466; x_wconf 74' lang='lat' dir='ltr'>caron.</span> 
     </span>
    </p>
   </div>
   <div class='ocr_carea' id='block_1_8' title="bbox 0 0 1498 4934">
    <p class='ocr_par' dir='ltr' id='par_1_13' title="bbox 0 0 1498 4934">
     <span class='ocr_line' id='line_1_44' title="bbox 0 0 1498 4934; baseline 0 0"><span class='ocrx_word' id='word_1_330' title='bbox 0 0 1498 4934; x_wconf 95' lang='lat' dir='ltr'> </span> 
     </span>
    </p>
   </div>
  </div>
 </body>
</html>
