2978 4934
323 393 512 464 (lucrosa
530 394 810 462 unanimam).
845 394 882 452 A.
900 398 1052 453 aso-asa
1240 401 1275 454 er

102 598 168 660 que
191 578 401 662 Ripuariam
430 579 635 662 praeeipua²
662 569 788 642 etiamb
816 579 1033 655 monasteria,
1058 580 1095 642 id
1119 583 1171 644 est
1194 581 1275 643 Pru-

102 666 237 743 miam¹‚
263 666 418 742 Indam2,
444 665 662 742 Stabulausi,
686 666 1038 729 Malmundarium0·4
1061 670 1097 731 et
1114 669 1275 750 Aquense

101 749 306 839 palatiuml‚
328 755 389 818 ubi
405 755 442 817 in
458 754 591 838 capella
606 755 697 837 regis
714 755 810 836 equis
826 754 896 818 suis
912 755 1090 819 stabulum
1104 757 1273 820 fecerunt.

102 844 305 907 Praetereae
326 836 575 927 Agrippinamf
596 842 775 907 Coloniam
793 846 828 907 et
844 843 1005 906 Bunnam
1022 845 1179 908 civitates
1196 865 1275 908 eum

102 931 300 996 aecclesiisg
325 935 361 996 et
384 924 572 1014 (θεθὴθτίε)11
599 931 764 995 aedificiis
787 931 1026 996 incenderunt.
1067 930 1134 1010 Qui
1157 936 1275 998 autem

101 1020 184 1085 inde
214 1021 358 1084 evadere
385 1024 584 1104 potuerunt,
616 1020 686 1083 sive
710 1019 866 1084 canonici
889 1020 960 1084 sive
985 1021 1273 1099 sanctimoniales,

101 1101 379 1191 Mogontiacumi
401 1109 578 1191 fugerunt,
603 1101 805 1172 thesaurosk
824 1108 1068 1173 aecclesiarum
1091 1113 1127 1174 θὴ
1142 1114 1274 1173 saneto·

101 1217 179 1260 rum
215 1216 357 1280 corpora
390 1216 506 1260 seeum
540 1199 728 1279 portantes.
784 1196 859 1261 Rex
892 1197 986 1280 apud
1019 1197 1274 1262 Franoonofurt

101 1286 198 1368 gravi
226 1285 428 1349 infirmitate
456 1285 638 1349 laborabat
666 1288 710 1363 et,
741 1285 823 1367 quia
849 1279 940 1367 ipse¹
974 1306 1046 1349 non
1068 1286 1192 1369 potuit,
1222 1306 1273 1351 ex-

102 1373 249 1438 ereitum
272 1394 373 1438 suum
396 1376 517 1437 eontra
538 1373 780 1437 Nordmannos
805 1374 1002 1437 destinavit.

209 1462 325 1527 Tertio
359 1462 440 1525 Kal.
476 1462 615 1526 Ianuar.
651 1465 732 1526 ante
766 1461 853 1544 galli
887 1466 1028 1526 cantum
1061 1463 1274 1546 Mogontiaci
1283 1485 1337 1527 nee.
1346 1486 1379 1528 30.

101 1554 215 1615 terrae
238 1555 352 1615 motus
375 1551 490 1614 factus
513 1553 566 1615 est
589 1569 744 1633 magnus,
768 1551 820 1614 ita
842 1554 883 1614 ut
906 1551 1097 1615 aedificiisnn
1113 1571 1273 1634 conquas-

101 1639 186 1703 satis
215 1659 298 1703 vasa
327 1638 458 1715 fictilia,
490 1639 580 1703 siout
611 1638 854 1722 compositores
884 1639 952 1702 luti
981 1639 1194 1718 labebantur,
1225 1641 1274 1703 in·

101 1729 212 1792 vicem
235 1747 271 1792 se
294 1727 507 1791 conlidentes
530 1727 783 1809 frangerentur.

43 1946 91 1987 aa
626 1915 725 1986 *882

209 2026 535 2092 ΒΟΟΟΙιΧΧΧΠ.11
600 2027 710 2091 Stella
751 2031 900 2092 cometes
937 2027 1013 2090 XV.
1052 2028 1133 2092 Kal.
1172 2028 1271 2092 Febr.
1283 2051 1371 2093 Ian.18.

101 2117 213 2200 prima
236 2118 321 2180 hora
343 2117 455 2180 noetis
478 2116 639 2200 apparuit
663 2135 776 2180 eomas
799 2136 878 2180 suas
902 2135 1006 2200 supra
1027 2117 1168 2179 modum
1183 2137 1272 2200 spar-

101 2225 186 2288 gens
210 2208 245 2268 et
267 2224 340 2269 rem
362 2205 562 2282 infaustam,
594 2209 701 2287 quae⁰
730 2205 799 2268 eito
822 2207 941 2269 secuta
964 2207 1026 2281 est,
1058 2223 1119 2267 sua
1143 2205 1273 2287 appari·

101 2295 218 2357 tionel'
238 2296 526 2377 praemonstrans.
561 2293 653 2357 Nam
664 2291 889 2356 Hludowieus
905 2292 1136 2357 invalescente
1151 2292 1272 2356 morbo

102 2381 207 2445 XIII.
238 2381 319 2446 Kal.
349 2381 472 2446 Febr.q
505 2381 596 2446 diem
625 2381 788 2444 ultimum
819 2379 981 2457 elausit⁵;
1018 2380 1114 2444 euius
1150 2400 1370 2464 corpusunao.

101 2469 311 2533 translatum
334 2473 390 2534 etr
416 2470 453 2533 in
477 2471 684 2534 monasterio
713 2470 825 2533 saneti
847 2468 994 2546 Nazarfi,
1026 2468 1118 2550 quod
1145 2468 1273 2532 dieitur

101 2558 323 2635 Lauresham,
347 2559 445 2623 iuxta
460 2559 567 2642 patris
591 2558 644 2622 sui
666 2557 841 2621 tumulum
856 2557 1050 2641 sepultum⁸
1073 2560 1135 2621 est.
1171 2555 1272 2634 Quod

102 2646 245 2711 audiens
268 2647 447 2724 exereitus,
479 2647 537 2729 qui
568 2650 688 2710 eontra
710 2641 971 2710 Nordmannost
998 2646 1115 2709 fuerat
1137 2646 1270 2723 missus,

102 2734 146 2799 ab
177 2736 431 2818 expugnatione
461 2736 614 2799 hostium
644 2735 811 2800 desistens
840 2733 971 2798 infecto
993 2733 1134 2816 negotio
1156 2734 1271 2798 rediit.

103 2821 258 2900 Quorum
276 2823 493 2887 Nordmanni
515 2823 597 2888 inde
619 2823 875 2886 transeuntium
897 2823 1045 2906 vestigia
1068 2823 1178 2886 secuti
1202 2843 1272 2887 eae·

101 2915 185 2988 tera,
217 2931 304 2993 quae
335 2913 429 2995 prius
459 2912 670 2986 dimiserant,
706 2912 866 2976 incendio
897 2914 1135 2975 cremaverunt
1164 2930 1272 2992 usque

101 3001 146 3064 ad
167 2998 407 3064 Confluentem
430 3000 621 3077 castellum,
645 3001 707 3064 ubi
722 2999 869 3064 Mosella
883 3000 1045 3064 Rhenum
1066 3000 1271 3082 ingreditur.

101 3088 222 3152 Murus
252 3088 452 3171 Mogontiae
484 3089 655 3152 civitatisu
685 3089 893 3152 restaurariv
921 3092 1088 3172 eoeptusw
1116 3091 1151 3152 et
1180 3087 1273 3151 fossa

101 3197 238 3239 murum
261 3177 414 3240 ambiens
438 3181 536 3241 extra
558 3177 734 3241 civitatem
756 3177 887 3240 faota¹.

337 3276 476 3365 (FINIS
499 3282 679 3345 PRIMAII
703 3274 1036 3364 REOENSIONIS).

207 3476 423 3540 Nordmanni
453 3478 496 3541 de
526 3498 588 3541 sua
616 3460 831 3539 munitioney
865 3475 1005 3557 egressi,
1037 3473 1272 3538 Trevirensem

99 3564 222 3628 urbem
237 3565 438 3629 invaserunt
462 3568 497 3629 et
520 3564 774 3629 habitatoribus
799 3563 949 3627 civitatis
972 3563 1100 3645 partim
1123 3561 1271 3645 expulsis

99 3654 227 3737 partim
250 3654 370 3717 occisis
392 3656 503 3716 totam
525 3655 562 3716 in
585 3653 695 3716 Nonis
718 3652 827 3735 April.
851 3652 1091 3715 incenderunt.
1139 3648 1271 3727 Quibus
1281 3672 1362 3722 upra.

99 3853 122 3899 a)
136 3851 222 3901 preoip
236 3853 255 3893 1.
322 3851 346 3899 b)
361 3855 390 3894 et.
404 3852 429 3891 in
443 3852 475 3891 eis
490 3862 548 3895 mon.
562 3852 645 3893 Sada
659 3852 685 3895 F.
748 3852 769 3898 o)
783 3847 954 3889 mamuldarium
968 3850 987 3893 1.
1050 3847 1073 3897 d)
1087 3848 1199 3897 palacium
1213 3847 1272 3890 ilde.

100 3907 121 3951 e)
136 3910 194 3954 pret.
210 3906 228 3946 1.
285 3905 303 3951 f)
317 3905 442 3956 agripinam
456 3905 475 3947 2.
489 3905 523 3946 td.
577 3907 600 3953 g)
615 3904 669 3960 podis
684 3905 703 3946 1.
758 3902 782 3951 h)
797 3904 854 3942 deest
867 3903 887 3946 2.
901 3903 930 3944 tc.
938 3903 959 3945 d.
967 3913 984 3946 e.
998 3903 1023 3946 F,
1073 3902 1090 3950 i)
1103 3901 1272 3950 magonciacum

99 3958 163 4006 aava
183 3961 282 4006 mogunt.
296 3957 326 3999 ae.
404 3957 695 4005 incaementatum
708 3957 822 4006 quater-nto
836 3956 915 3995 rodim
928 3956 948 3998 3.
1035 3955 1051 4003 l)
1071 3956 1119 4004 ipse
1133 3955 1167 3994 ire
1181 3965 1202 3995 n.
1217 3965 1238 4003 p.
1252 3953 1271 3996 2.

99 4012 130 4057 m)
149 4007 203 4052 edii.
217 4012 236 4054 3.
276 4012 301 4058 n)
315 4009 475 4052 DCCCLXXX.
491 4011 503 4049 2
522 4012 562 4058 (ct.
578 4022 599 4055 a,
614 4011 671 4059 868).
719 4009 741 4059 ο)
755 4019 799 4059 que
813 4009 832 4051 t.
876 4012 900 4058 p)
914 4008 1059 4058 apparitione
1074 4010 1093 4051 2.
1134 4010 1157 4057 q)
1172 4004 1272 4047 eiusdem

99 4063 183 4103 mensis
198 4064 221 4113 2;
242 4061 316 4103 decet
329 4064 349 4105 3.
418 4066 438 4111 r)
451 4065 507 4102 deest
522 4066 541 4106 1.
612 4066 631 4111 s)
645 4063 746 4112 sepultus
761 4063 780 4104 3.
854 4061 872 4107 t)
887 4060 1039 4101 nordmaunus
1053 4062 1072 4104 ³.
1139 4062 1164 4109 u)
1177 4061 1238 4099 urbis
1252 4060 1271 4102 2.

100 4119 124 4165 v)
138 4115 257 4156 restauriri
270 4117 290 4159 3.
343 4118 373 4164 w)
388 4121 466 4174 oppius
482 4118 500 4159 1.
554 4118 578 4164 x)
593 4112 826 4157 hlefiniturood.
841 4117 860 4157 1.
914 4113 1112 4166 y)munioione8.

101 4284 127 4350 1)
145 4284 238 4338 Praim.
311 4283 338 4350 2)
355 4284 394 4338 st.
409 4284 695 4335 Cornelius-Maiam·
709 4297 794 4349 prope
812 4282 995 4348 Aquaaprani.
1023 4281 1054 4336 P.
1127 4280 1154 4346 3)
1171 4279 1271 4333 Stablo.

98 4356 127 4422 4)
145 4355 290 4420 Mazaeo).
365 4355 392 4421 5)
410 4355 451 4419 Cf.
470 4355 610 4406 demler
628 4353 683 4420 HI,
700 4354 845 4421 p.164sq.
1142 4354 1145 4359 ’

1042 4457 1058 4510 7
