2978 4934
388 417 537 476 CONTIN.
557 417 757 475 RATISBON.
794 417 830 476 A.
848 420 910 476 884.
928 421 990 476 885.
1222 422 1277 476 113

102 607 238 669 servata
260 603 440 667 Pannonia
464 606 663 666 conservata
686 604 748 678 est,
775 622 843 684 qua
865 621 945 666 vero
968 601 1096 666 viciata
1117 622 1274 687 perspa·

101 694 190 756 tium
212 695 352 756 tantum
375 692 441 755 isto
466 687 696 754 continuatim
711 691 815 754 tertio
832 710 922 754 anno
940 689 1104 754 dimidio1
1127 691 1274 755 instanti

101 781 282 845 Pannonia
309 781 352 844 de
375 778 495 843 Hraba
523 779 664 842 flumine
694 779 739 842 ad
762 779 931 842 orientem
959 781 1036 842 tota
1066 778 1181 843 deleta
1210 783 1272 844 est.

102 869 198 933 Servi
229 872 264 933 et
294 867 441 932 ancillae
471 887 550 930 cum
578 867 730 950 parvulis
761 868 830 930 suis
862 867 1056 950 consumpti
1086 871 1177 945 sunt,
1208 869 1273 951 pri-

101 957 253 1021 moribus
277 956 483 1039 quibusdam
504 956 621 1032 tentis,
648 954 854 1037 quibusdam
877 956 996 1019 occisis
1020 959 1064 1032 et,
1090 957 1182 1038 quod
1204 960 1273 1019 tur-

102 1047 176 1130 pior
206 1049 294 1122 erat,
325 1044 495 1107 truncatis
525 1063 643 1120 manu,
675 1044 815 1126 lingua,
847 1044 1057 1126 genitalibus
1086 1044 1271 1108 remissae.

102 1134 199 1198 Haec
231 1134 324 1198 enim
354 1133 469 1196 omnia
498 1131 617 1215 procul
644 1132 750 1196 dubio
778 1136 946 1215 geruntur
968 1133 1039 1196 sive
1062 1152 1123 1216 per
1145 1133 1272 1196 miseri·

102 1223 253 1286 cordiam
276 1222 347 1285 sive
370 1241 431 1304 per
453 1221 541 1284 iram
556 1220 638 1297 Dei;
663 1222 723 1285 sed
746 1221 834 1284 iram
849 1220 915 1284 Dei
938 1222 1066 1284 iustam
1083 1221 1272 1285 vindictam

102 1312 176 1374 fieri
201 1309 423 1394 appellamus,
448 1329 536 1391 quae
559 1309 797 1375 indubitanter
819 1330 899 1387 non,
923 1310 990 1372 nisi
1013 1310 1105 1373 iusta
1123 1310 1177 1391 sit,
1202 1331 1273 1373 um-

102 1420 204 1482 quam
228 1399 364 1463 evenire
388 1399 548 1462 creditur.

211 1487 404 1571 Imperator
426 1507 487 1570 per
510 1486 737 1550 Baiouariam
765 1488 810 1550 ad
839 1486 1016 1551 Orientem
1045 1487 1273 1570 proficiscitur

101 1577 308 1659 veniensque
331 1595 437 1659 prope
459 1575 589 1639 flumen
605 1574 801 1637 Tullinam2
823 1575 944 1639 Monte
962 1574 1148 1639 Comiano3
1171 1575 1271 1639 collo-

101 1665 220 1748 quium
254 1664 389 1728 habuit.
440 1663 496 1727 lbi
525 1663 615 1728 inter
645 1663 725 1727 alia
743 1663 884 1727 veniens
915 1663 1168 1728 Zwentibaldus
1204 1665 1273 1727 dux

56 1771 65 1783 ¹
103 1774 180 1816 cum
203 1753 415 1836 principibus
438 1753 518 1828 suis,
547 1753 659 1828 homo,
686 1752 776 1815 sicut
798 1772 871 1815 mos
895 1754 957 1828 est,
985 1772 1046 1834 per
1069 1773 1190 1816 manus
1214 1753 1273 1815 im-

101 1842 267 1925 peratoris
285 1841 444 1918 efficitur,
470 1843 683 1904 contestatus
706 1839 760 1903 illi
783 1840 988 1904 fidelitatem
1010 1841 1203 1905 iuramento
1227 1844 1270 1918 et,

100 1949 209 2012 usque
239 1931 321 1993 dum
351 1929 501 1993 Karolus
529 1929 683 2005 vixisset,
714 1949 903 2011 numquam
932 1928 969 1990 in
997 1947 1143 2011 regnum
1172 1950 1273 1993 suum

101 2017 220 2081 hostili
244 2019 395 2082 exercitu
419 2020 509 2082 esset
531 2021 707 2082 venturus.
742 2017 868 2080 Postea
889 2017 1049 2081 veniente
1068 2016 1273 2081 Brazlavoni

103 2108 198 2182 duce,
223 2106 282 2189 qui
304 2107 341 2168 in
364 2107 401 2170 id
423 2110 559 2189 tempus
574 2126 720 2188 regnum
735 2106 827 2169 inter
842 2105 957 2170 Dravo
975 2109 1011 2169 et
1026 2105 1114 2170 Savo
1130 2105 1272 2169 flumine

101 2195 216 2258 tenuit
240 2195 360 2276 suique
383 2194 533 2258 miliciae
556 2194 714 2259 subditus
738 2195 949 2276 adiungitur,
979 2213 1039 2258 rex
1066 2214 1126 2277 per
1150 2192 1272 2257 Caren-

100 2283 196 2347 tam4
224 2285 261 2345 in
291 2283 397 2346 Italia
431 2283 596 2366 perrexit;
632 2302 792 2366 prospere
822 2282 931 2365 Papia
958 2282 1112 2346 natalem
1142 2280 1271 2345 Christi

102 2371 298 2435 celebravit.
646 2452 712 2523 885

208 2546 503 2613 DOOOLXXXV.
549 2547 709 2611 Proxima
738 2547 793 2611 die
823 2550 962 2611 sanctae
986 2547 1191 2630 epiphaniae
1213 2548 1355 2610 ha-una

100 2637 174 2699 bito
198 2636 351 2718 generali
375 2639 547 2699 conventu
570 2636 665 2700 Wito
689 2637 759 2699 dux
783 2635 1048 2719 spolitanorum,
1080 2635 1138 2718 qui
1168 2638 1271 2699 antea

100 2724 186 2806 fuga
216 2724 259 2788 ab
289 2725 496 2808 imperatore
524 2724 641 2807 lapsus
673 2727 734 2800 est,
766 2743 844 2786 cum
872 2724 1066 2788 iuramento
1097 2723 1271 2788 excusavit

101 2831 137 2875 se
159 2833 231 2876 non
253 2832 326 2877 esse
348 2833 446 2877 reum
469 2813 668 2890 maiestatis,
694 2813 738 2876 ad
760 2812 966 2876 fidelitatem
987 2813 1117 2895 regiam
1140 2831 1271 2895 suscep·

100 2902 158 2964 tus
183 2904 244 2964 est.

208 2988 291 3052 Post
324 2989 458 3053 obitum
489 2988 739 3053 Karolomanni
772 2990 872 3073 regis,
908 2990 967 3072 qui
1001 2992 1086 3053 tunc
1121 2986 1271 3053 Galliam

100 3080 235 3141 rexerat
245 3075 265 3154 ⁵,
296 3097 390 3141 cesar
416 3097 562 3161 regnum
592 3078 705 3161 ipsum
735 3078 935 3160 adgreditur
963 3079 1177 3161 receptisque
1207 3078 1357 3162 pri-(mn.

101 3165 252 3229 moribus
276 3169 311 3229 et
335 3167 508 3249 dispositis
538 3166 587 3230 ibi
615 3165 728 3243 rebus,
759 3169 861 3249 prout
890 3165 1010 3242 voluit,
1041 3166 1207 3229 remeavit
1234 3166 1271 3227 in

101 3253 282 3318 Franciam
312 3255 355 3318 ad
385 3255 537 3318 edictum
566 3254 734 3338 placitum
756 3253 999 3317 Wormacense
1029 3254 1164 3316 obviam
1194 3273 1269 3335 apo-

101 3342 252 3406 stoliooss.
300 3342 367 3407 Sed
397 3344 480 3406 dum
509 3343 582 3426 ipse
612 3337 724 3426 papa*
754 3343 824 3405 iam
853 3342 966 3404 medio
996 3341 1130 3405 itineris
1158 3341 1269 3424 spatio

99 3430 200 3507 foret,
226 3435 402 3515 correptus
427 3431 528 3495 celeri
551 3431 753 3494 infirmitate
777 3430 954 3512 expiravit.
1279 3452 1386 3501 (caua).

216 3601 243 3670 *)
260 3604 295 3655 In
312 3605 435 3669 maraine
452 3604 547 3655 acinis
565 3606 582 3656 3
600 3620 635 3658 m.
654 3618 719 3658 aare.
737 3601 805 3657 ΧΠ.
824 3603 904 3653 aad:
922 3597 1047 3653 Marinus
1061 3615 1136 3667 papa
1154 3616 1180 3658 a.

99 3761 123 3811 a)
136 3763 224 3801 remissi
238 3765 292 3802 aunt
305 3763 325 3806 8.

102 3885 128 3949 1)
139 3886 182 3937 Ab
193 3901 264 3938 anno
276 3887 362 3952 ipitnr
373 3887 471 3941 assa.
517 3884 545 3950 2)
557 3884 636 3939 Tala.
681 3884 708 3952 3)
716 3884 872 3950 Kanmtera
880 3898 955 3935 marn
966 3885 996 3934 in
1008 3883 1060 3948 fine
1068 3883 1271 3950 septentrionali

99 3956 187 4008 saltas
200 3957 423 4019 Veruntamen,-
441 3957 475 4021 ef.
493 3971 579 4022 aepra
597 3972 623 4010 a.
635 3957 697 4022 891,
717 3954 901 4020 Methltaeher,
922 3955 1065 4020 ‘Repesten’
1083 3954 1107 4020 1,
1124 3971 1152 4022 p.
1166 3956 1219 4010 118
1231 3971 1269 4021 aq.

99 4026 128 4093 4)
146 4027 291 4079 Corinthia
308 4028 349 4079 ael
365 4028 442 4079 hadre
454 4027 584 4078 Cdrenten
601 4027 687 4080 eadit.
715 4026 745 4079 P.
782 4026 918 4077 Karalnm
933 4041 983 4092 per
1000 4031 1120 4092 montem,
1139 4027 1188 4092 qni
1203 4027 1269 4077 diei-

100 4105 147 4148 tar
164 4098 336 4164 Semmerinp,
357 4098 469 4149 Italiam
483 4099 591 4165 petiisse
608 4096 785 4148 Mrtblbaeber
807 4112 893 4163 nuper
911 4097 1116 4158 demonstravit,·
1140 4096 1174 4159 cf.
1195 4096 1269 4147 ‘Mtt-

99 4169 253 4234 theilanpen
275 4170 320 4220 dec
338 4169 463 4220 Instituta
484 4170 534 4232 far
553 4168 721 4222 Oesterreich.
742 4166 1003 4231 Geachicbtefarsch!
1020 4167 1057 4232 X,
1074 4183 1102 4234 p.
1121 4167 1182 4231 479,
1202 4182 1230 4220 n.
1244 4169 1268 4222 1.

100 4239 127 4304 5)
145 4240 335 4291 Karimannne
353 4256 379 4295 a.
392 4241 453 4295 884.
472 4240 533 4292 Dea.
548 4241 589 4292 12.
608 4244 731 4290 martana
747 4244 823 4300 erat,·
841 4239 1027 4305 imperatorem
1045 4239 1125 4288 etiam
1143 4237 1212 4303 Apr.
1226 4238 1269 4292 16.

99 4311 202 4377 Papiae
226 4317 360 4362 maratana
384 4327 437 4363 esce
461 4310 557 4361 charta
582 4308 771 4375 (Mibltaaieer
790 4309 872 4374 1651)
897 4314 1017 4362 notatur.
1062 4308 1104 4372 Cf.
1129 4307 1270 4359 Dimmler

99 4381 155 4446 III,
173 4398 202 4448 p.
221 4383 274 4435 234
292 4397 330 4448 aq.
403 4381 429 4449 6)
446 4381 592 4432 Hadriano
609 4379 681 4442 III.,·
699 4380 734 4443 cf.
748 4386 855 4446 partem
873 4378 928 4434 ΙΙΙ.

1038 4485 1056 4538 8
