2978 4934
370 453 550 509 AUCTORE
568 453 779 509 FINHARDO.
816 453 851 508 A.
866 456 1016 510 764—778.
1265 456 1282 509 9

111 632 203 684 dent.
293 629 409 682 (lariusa
431 628 544 681 orandil
562 629 650 698 gratia
668 628 786 682 Romam
804 629 879 682 vadit
903 633 937 683 et
960 630 1000 683 ab
1018 630 1149 684 Adriano
1171 622 1442 716 hono-ghffffihfflss

110 702 219 757 rifice
238 704 398 768 susceptus
417 705 541 753 sanctum
560 699 633 752 diem
650 699 787 767 paschaeb
810 717 873 754 cum
891 700 1013 754 laetitiae
1038 699 1196 756 celebratd.
1338 707 1344 718 ⁰
1368 707 1373 719 ‘
1418 705 1424 727 '
1443 709 1448 720 '

217 770 439 829 DOGLXXIIII.
470 770 665 838 Langobardie
682 770 823 824 obsidione
835 770 974 839 pertaesis
988 773 1130 840 pariter
1142 789 1205 824 cum
1217 789 1282 840 rege
1292 783 1321 824 ib.

111 843 252 896 Desiderio
271 842 449 912 egrediuntur
467 841 502 893 ad
518 858 620 910 regem.
657 840 728 894 Ille
746 857 811 894 vero
831 842 936 895 altera
954 841 998 896 die
1018 860 1080 896 cum
1099 842 1233 909 hymnis&
1255 846 1283 895 et

110 914 235 967 laudibus
248 914 363 966 urbem
375 911 530 980 ingrediens
543 911 684 965 thesauros
696 929 792 982 regum
805 916 927 980 repertos
941 914 1072 967 exercitui
1085 913 1283 966 distribuit

112 989 140 1039 et
151 988 280 1039 cunctum
292 983 389 1036 Italiae
401 1000 517 1051 regnum
536 983 650 1051 adeptus
662 982 817 1052 regreditur
831 984 859 1036 in
872 983 1049 1051 Franciamh,
1069 984 1170 1037 ducens
1189 1001 1282 1036 secum

111 1055 283 1109 Desiderium
311 1072 385 1108 cum
413 1055 529 1122 coniuge
557 1054 623 1108 eius.
664 1052 811 1122 Adalgisus
838 1053 910 1107 tilius
935 1054 992 1107 eius
1017 1054 1382 1122 Constantinopolimastrn.

111 1127 190 1196 fugit.
296 1124 446 1177 Interea
469 1123 590 1178 Saxones
614 1125 644 1176 in
661 1123 795 1177 Hessis²
818 1123 987 1178 Francorum
1012 1125 1143 1179 terminos
1165 1129 1391 1180 vastantanaur.

111 1197 200 1250 Erat
227 1199 345 1249 autem
372 1195 424 1248 ibi
450 1194 479 1247 in
507 1195 581 1262 loeo,
609 1195 656 1262 qui
682 1199 836 1248 vocatur
862 1195 1019 1263 Friteslar,
1047 1196 1170 1264 basilica,
1199 1213 1281 1263 quam

112 1272 233 1323 sanctus
251 1264 420 1320 Bonifatiusi
440 1265 571 1333 martyrk
592 1266 677 1319 olim
696 1265 870 1321 dedicans
888 1266 1069 1335 prophetico
1088 1267 1185 1335 spiritu
1202 1284 1281 1319 num-

112 1356 194 1406 quam
219 1339 300 1408 igne
326 1336 527 1391 cremandam
553 1353 630 1389 esse
654 1335 821 1404 praedixitl.
859 1335 922 1390 (lui
947 1355 1023 1391 cum
1047 1338 1179 1408 pagani
1203 1342 1281 1390 toto

112 1411 192 1462 nisu
209 1409 315 1478 ignem
333 1408 539 1476 subponere
558 1412 793 1476 conarentur,
813 1407 909 1460 divino
923 1425 1024 1476 pavore
1036 1409 1175 1477 perterriti
1187 1408 1281 1476 fugae

112 1479 366 1549 praesidiumm
392 1481 544 1532 sumunt.
580 1477 643 1532 Duo
666 1495 818 1546 namque
843 1479 954 1532 iuvenes
976 1480 1005 1532 in
1028 1480 1191 1534 vestibus
1214 1479 1281 1531 albis

112 1552 251 1604 basilicam
270 1550 303 1603 ab
322 1550 385 1617 igne
405 1549 629 1616 defendebant,
655 1566 742 1616 quos
761 1553 796 1602 et
814 1549 966 1603 christianis
985 1554 1020 1603 et
1037 1551 1205 1604 barbaris
1224 1550 1281 1617 qui-

112 1621 227 1675 busdam
245 1620 426 1674 divinitus
444 1619 566 1673 videre
586 1637 796 1674 eoncessum
815 1624 877 1688 est,
896 1639 966 1673 unus
984 1626 1103 1674 tamen
1123 1639 1157 1675 ex
1175 1621 1282 1673 hosti-

111 1693 175 1746 bus
194 1693 290 1744 iuxtan
306 1691 446 1744 basilicam
464 1691 575 1744 flexis
593 1691 708 1759 genibus
721 1690 833 1744 adclinis
845 1692 930 1760 lignis
944 1696 972 1745 et
983 1693 1044 1762 igni
1062 1692 1282 1758 incumbens,

113 1763 235 1831 specie
259 1762 369 1815 flantis
387 1766 556 1830 repertus
580 1765 621 1814 est
639 1766 770 1817 mortuus.
877 1762 943 1814 His
962 1763 1188 1831 temporibus
1208 1762 1449 1821 dedicarunt&

113 1838 180 1887 cata
198 1837 252 1886 est
269 1832 425 1886 basilica
443 1832 529 1885 sancti
545 1830 653 1885 Nazarii
671 1832 861 1900 martyris0
884 1833 1131 1902 inLaureshamu,
1151 1838 1179 1886 et
1196 1837 1283 1886 trans-

112 1906 174 1958 lata
193 1908 277 1957 sunt
295 1920 375 1956 ossa
393 1903 463 1956 eius
481 1903 510 1955 in
529 1903 668 1958 illaml.

218 1973 406 2029 DOCLXXV.
443 1973 559 2027 Oarlusa
580 1972 720 2027 Saxonum
744 1973 887 2041 perfidiam
911 1975 984 2027 ultus
1009 1991 1103 2028 omnes
1128 1991 1223 2028 eorum
1241 1991 1283 2028 re·
1293 1986 1319 2027 Δ.
1327 1985 1383 2026 itu

111 2046 206 2114 giones
223 2045 296 2098 ferro
309 2049 337 2098 et
348 2045 427 2114 ignir
443 2045 658 2112 depopulatum,
671 2043 848 2114 Sigiburgum
861 2049 980 2098 castrum
993 2047 1082 2114 capit,
1095 2042 1283 2116 Fresburgum
1292 2056 1393 2098 anam.

14 2115 301 2181 *perareaedificatt3
320 2115 458 2168 duobus
477 2132 534 2168 eos
553 2115 732 2183 proeliisu
751 2117 922 2184 *superat,
943 2134 1011 2170 uno
1029 2117 1133 2169 iuxta
1148 2116 1282 2169 Brunes·

111 2188 195 2256 berge
220 2187 300 2254 ripas
318 2185 504 2256 Visurgis³
529 2185 648 2238 fluminis
673 2186 820 2240 defendere
851 2191 999 2240 conantes
1025 2191 1058 2240 et
1081 2186 1149 2242 ΙΙ.ν
1170 2188 1199 2239 in
1217 2186 1282 2239 Lid-

111 2259 221 2312 bechiW
239 2257 388 2310 maxima
406 2273 526 2310 eorum
544 2257 782 2310 multitudine
800 2257 1010 2313 interfecta.
1117 2256 1382 2327 Hruodgau·A.sirh.

112 2330 184 2382 dus¹
205 2327 429 2396 Langobardusy
450 2327 479 2380 in
496 2327 578 2380 Italia
595 2345 711 2398 regnum
730 2328 848 2383 affectat.

218 2398 422 2454 DOCLXXVI.
459 2398 575 2451 Carlus³
597 2402 693 2451 contra
708 2397 948 2469 Hruodgaudumz
970 2399 999 2450 in
1017 2398 1126 2451 Italiam
1144 2397 1321 2466 profectusib.

113 2469 230 2524 eundem
248 2469 385 2525 interficit.
475 2469 510 2522 In
523 2468 642 2522 Saxonis
654 2469 862 2538 Flresburguma
884 2472 1003 2522 castrum
1022 2468 1174 2522 Saxonibus
1193 2469 1282 2522 reddi-

113 2545 180 2607 tum,
200 2540 376 2610 Sigiburgum
396 2540 436 2593 ab
456 2540 505 2593 eis
524 2541 671 2607 obsessum,
690 2541 812 2593 sednon
831 2557 902 2607 expu
941 2544 1024 2595 atum.

218 2610 438 2666 DOOLXXVH.
470 2610 599 2676 Saxones,
616 2615 679 2679 post
690 2611 789 2664 multas
802 2610 898 2664 caedes
935 2609 1450 2678 etvariabellaadflicti0,cnr.1a111,10.

113 2681 225 2735 tandem
243 2681 383 2736 christiani
401 2681 492 2735 effecti
509 2682 678 2735 Francorum
698 2681 799 2735 dicioni
816 2681 978 2737 subduntur.
1078 2681 1114 2734 Εἴ
1133 2688 1383 2736 conventusasnh.

112 2754 142 2805 in
155 2751 274 2806 Saxonia
285 2753 394 2806 habitus
406 2752 435 2805 in
447 2753 516 2818 loce,
536 2753 583 2820 qui
600 2757 739 2806 vocatur
751 2751 994 2820 Padrabrunno<13
1013 2753 1075 2806 ubi
1092 2751 1277 2806 Ibinalarabi0

114 2823 279 2878 Sarracenos
303 2822 478 2892 praefectusf
505 2823 734 2894 Caesaraugustae
757 2825 833 2877 venit
858 2823 892 2875 ad
916 2841 1019 2892 regem.
1064 2823 1122 2876 Ibi
1147 2821 1392 2877 Saxonesanaur.

112 2895 267 2962 baptizati&
286 2893 504 2963 ingenuitatemh
528 2898 555 2947 et
573 2911 708 2948 omnem
731 2895 998 2963 proprietatem
1017 2912 1114 2947 suam
1132 2895 1283 2948 secundum

112 2982 218 3018 morem
243 2966 363 3034 gentis
383 2964 614 3018 abdicantesi
639 2966 716 3036 regi
734 2965 986 3031 tradiderunt,
1012 2965 1034 3017 si
1053 2983 1069 3017 a
1087 2966 1145 3018 die
1164 2966 1230 3018 illa
1248 2968 1283 3018 et

113 3036 285 3105 deinceps
311 3036 536 3089 christianitatem
559 3041 593 3089 et
615 3037 674 3106 regi
697 3054 735 3090 ac
752 3035 825 3089 filiis
845 3036 902 3089 eius
920 3035 1080 3089 fidelitatem
1106 3037 1282 3106 abnegas-

113 3110 200 3162 sent.

219 3175 453 3233 DOOLXXVIH.
485 3176 601 3230 Oarlusk
621 3195 683 3231 cum
696 3177 834 3231 exercitul
853 3178 882 3230 in
895 3177 1029 3245 Hispania
1044 3188 1159 3244 usquem
1172 3176 1282 3230 ansar·
1292 3187 1382 3230 aaran.

113 3252 256 3316 augustam
280 3248 364 3314 venit,
387 3246 602 3316 Pampilonamn
629 3249 752 3302 urbem
778 3249 900 3314 destruit,
927 3249 979 3301 de⁴
1003 3247 1170 3301 Ibinalarabi
1195 3251 1223 3300 et
1248 3248 1393 3301 denham.

113 3318 257 3372 Abitauro
275 3317 498 3386 praefectis0
516 3317 747 3373 Sarracenorum
764 3319 871 3373 obsides
887 3319 1023 3387 accipit,
1039 3319 1235 3372 Wasconibus
1255 3323 1283 3371 et

112 3388 247 3442 Nabarris
271 3389 422 3442 subactis
447 3389 626 3443 revertitur
649 3391 678 3442 in
696 3390 885 3444 Franciamn.
992 3388 1142 3443 Interea
1160 3382 1413 3443 saxonem-Sirmi

113 3459 338 3513 Widukindou·⁵
355 3460 493 3527 tyrannidi
511 3460 641 3514 nitente
653 3460 823 3514 Francorum
838 3461 969 3514 terminos
983 3477 1068 3527 usque
1081 3459 1116 3512 ad
1128 3458 1277 3512 Rhenumr
1291 3436 1450 3485 ch‘·¹⁴m’¹¹·

113 3602 136 3652 a)
149 3601 239 3640 karolus
255 3604 273 3644 1.
288 3603 307 3645 2.
368 3602 391 3653 b)
405 3613 472 3652 pasce
486 3603 505 3644 3.
560 3601 709 3658 c)leticia1;
728 3602 836 3645 leticia2.
895 3600 918 3648 d)
933 3602 1034 3657 celebrat
1047 3602 1066 3644 2.
1121 3603 1142 3648 a)
1156 3602 1215 3650 long.
1229 3605 1248 3644 1.
1263 3603 1282 3644 3.

113 3654 131 3699 f)
145 3654 230 3704 pertesi
244 3656 263 3696 1.
278 3655 297 3697 3.
365 3655 387 3706 g)
402 3655 484 3694 hirunis
498 3656 518 3697 3.
585 3656 608 3704 h)
622 3655 728 3694 frantiam
742 3656 761 3696 3.
835 3655 852 3702 l)
865 3655 991 3694 bonifacius
1005 3657 1024 3697 1.
1099 3655 1123 3702 h)
1137 3655 1216 3693 martir
1229 3656 1248 3697 3.
1263 3655 1282 3697 3.

113 3708 129 3754 l)
143 3706 244 3756 predixit
258 3711 276 3749 1.
344 3710 374 3755 m)
392 3707 515 3758 presidium
530 3711 548 3750 1.
616 3711 639 3756 n)
658 3709 733 3748 luxata
746 3709 766 3750 3.
833 3711 855 3756 ο)
874 3708 972 3747 martiris
986 3709 1005 3749 3.
1073 3710 1096 3756 p)
1114 3708 1242 3746 lauresham
1257 3711 1281 3757 13

112 3761 248 3800 lauresheim
263 3762 282 3802 3.
336 3763 359 3810 q)
373 3762 397 3800 iu
406 3761 483 3800 villam
497 3763 522 3810 ¹3
537 3762 631 3801 inillam
645 3762 670 3811 23
685 3762 756 3804 ΜΒ.
810 3763 830 3808 r)
844 3762 896 3810 igne
906 3763 924 3804 1.
934 3762 953 3803 3.
1008 3764 1027 3809 a)
1041 3759 1221 3810 depopulabatur
1235 3763 1253 3803 1.
1263 3762 1282 3802 3.

113 3817 131 3861 t)
144 3814 230 3855 saresb.
245 3812 324 3855 reedif.
338 3815 357 3856 3.
428 3814 452 3865 u)
469 3814 547 3864 preliis
563 3817 586 3864 15
608 3815 685 3864 preliis
700 3816 719 3856 3.
790 3814 815 3866 v)
832 3813 918 3854 duobus
937 3815 997 3856 codd.
1067 3817 1097 3862 w)
1115 3812 1215 3852 lidbecki
1229 3815 1249 3856 2.
1263 3814 1282 3856 3.

112 3870 137 3915 x)
151 3865 304 3915 hruotgaudus
320 3868 339 3909 2.
387 3870 410 3918 y)
423 3867 482 3916 long.
496 3851 514 3908 ἕ.
563 3869 584 3914 z)
597 3865 762 3916 hruotgaudum
776 3868 800 3918 3;
815 3866 970 3917 hrodgaudum
985 3869 1004 3909 3.
1054 3869 1075 3914 a)
1089 3868 1250 3916 aeresburgum
1264 3869 1282 3910 3.

112 3921 136 3966 b)
150 3918 216 3959 cedes
231 3923 255 3968 13
271 3918 338 3960 cadas
352 3921 371 3962 3.
412 3922 432 3967 c)
446 3920 527 3960 afflicti
542 3922 560 3962 1.
570 3922 589 3963 Ξ.
630 3920 653 3968 d)
667 3919 827 3970 padraprunno
841 3922 860 3963 3.
901 3923 922 3968 a)
936 3920 1092 3960 Ibinalarabus
1107 3923 1125 3962 1.
1166 3921 1254 3970 ilpraf.
1264 3923 1282 3962 1.

112 3972 135 4023 g)
148 3973 257 4012 babtizati
270 3974 290 4015 3.
351 3974 374 4020 h)
388 3974 528 4022 ingenuitate
543 3975 561 4015 1.
619 3974 636 4021 i)
650 3972 782 4014 addicantes
797 3975 816 4016 3.
870 3974 894 4025 k)
908 3974 998 4013 karolus
1014 3976 1032 4016 1.
1047 3975 1066 4015 2.
1120 3974 1136 4021 l)
1151 3974 1250 4013 exertitu
1264 3974 1283 4015 3.

12 4070 14 4079 γ
112 4028 143 4072 m)
157 4037 228 4075 usque
242 4023 272 4064 ad
286 4029 305 4068 1.
319 4026 338 4067 2.
405 4029 429 4073 n)
447 4026 597 4075 pampilonem
610 4028 630 4069 3.
698 4029 720 4075 o)
738 4028 794 4076 pref.
809 4029 827 4069 1.
895 4030 918 4076 p)
932 4027 1039 4067 frantiam
1053 4028 1073 4068 2.
1086 4027 1105 4068 3.
1173 4028 1196 4076 q)
1210 4026 1282 4066 widu-

112 4077 184 4118 kindu
198 4080 217 4121 3.
272 4081 292 4127 r)
306 4080 401 4118 hrenum
415 4080 438 4129 2;
456 4090 535 4119 renum
548 4080 568 4121 3.

113 4200 139 4269 1)
157 4199 252 4254 Carlus
338 4200 434 4254 orandi
451 4217 492 4270 gr.
510 4200 544 4254 R.
563 4219 588 4256 v.
608 4204 680 4257 Ana.
693 4203 763 4255 sita.
835 4204 862 4269 2)
879 4201 951 4266 hesit
968 4205 1005 4268 id,
1025 4205 1094 4269 qatool
1111 4219 1181 4254 nano
1198 4219 1282 4254 unum

111 4280 206 4339 arctat,
226 4274 298 4326 Anu.
311 4273 380 4325 sita.
399 4274 537 4341 exemplar
553 4273 664 4328 ambibat.
718 4276 746 4341 3)
763 4290 845 4340 super
862 4271 976 4326 fluvium
985 4272 1096 4325 Wisora
1110 4275 1181 4327 Aac.
1195 4274 1280 4325 Lacr.

111 4344 139 4410 4)
157 4342 191 4395 de
209 4373 244 4382 -
262 4341 407 4395 Franciam
432 4359 464 4395 aa·
482 4345 554 4398 Ana.
573 4345 659 4399 Laar.
756 4343 783 4412 5)
800 4342 1001 4395 Widuchindus
1027 4343 1164 4409 tyrannidi
1185 4343 1282 4395 nititur

113 4415 177 4469 car.
189 4415 275 4469 Lacr.
294 4415 349 4480 III,
371 4417 420 4478 11,·
437 4414 466 4465 in
479 4414 539 4467 loco
552 4444 587 4453 —
599 4412 713 4467 Adarna
730 4431 763 4466 ea
774 4416 847 4470 Aac.
859 4415 961 4475 Lcur.,·
979 4421 1063 4466 cetera
1081 4432 1114 4467 ea
1125 4416 1197 4467 Ana.
1212 4414 1281 4468 sara.
