2978 4934
381 447 561 504 AUCTORE
579 447 790 502 anARDO.
828 447 864 505 A.
878 449 1027 504 tea—763.
1277 449 1293 500 7

120 628 291 693 superatum
322 628 355 677 et
388 622 490 692 Papiae
520 624 669 678 inclusum
704 624 818 679 obsides
853 623 932 678 dare
963 627 997 678 et
1027 640 1070 678 res
1101 622 1188 677 sancti
1217 621 1295 676 Petri

120 695 261 750 reddere
283 700 453 749 sacramento
472 695 697 763 constnngita.
805 694 979 764 Stephanus¹
996 711 1069 763 papa
1087 694 1176 749 duce
1194 692 1293 747 Hiero·
1304 700 1462 751 0hr.n.11,19.

120 768 202 820 nimo
220 767 312 819 fratre
330 765 483 834 Pippini
500 764 618 819 Romam
636 766 790 821 revertitur.
1028 814 1031 819 ,
1304 771 1416 821 assaph.

226 835 359 892 DOOLV.
386 835 540 890 Haistulfus
557 840 785 891 sacramenta
801 836 977 891 mentitus
995 836 1155 890 collecto
1172 834 1294 889 exercitu
1304 825 1419 876 (ΑΜ)

120 907 244 961 Romam
271 908 504 976 inpugnando
532 907 712 976 circumdat,
740 907 832 960 omnia
856 911 934 961 extra
958 908 1055 961 urbem
1079 907 1153 960 ferro
1179 909 1206 960 et
1230 906 1294 975 igne
1304 879 1330 922 γ’
1338 878 1415 927 ssepn.

120 979 272 1034 devastans.
309 978 436 1032 Ouius²
460 977 514 1032 rei
538 977 735 1032 nunciumb
765 978 889 1047 pontifex
906 978 1020 1032 marino
1044 978 1169 1031 itinere
1193 977 1294 1030 missis

120 1050 256 1120 legatis
291 1048 451 1117 Pippino
485 1049 663 1117 insinuat,
701 1049 904 1117 deprecans
940 1053 976 1103 et
1009 1048 1215 1116 obtestans,
1251 1065 1294 1101 ne

122 1125 307 1190 coeptumc
331 1136 433 1189 opus,
452 1119 541 1188 quod
559 1124 685 1174 sancto
703 1119 788 1174 Petro
806 1119 1042 1189 promiserat,
1061 1118 1294 1188 inperfectum

120 1193 215 1246 relin
248 1194 359 1246 ueret.

223 1209 375 1317 heom.
418 1259 542 1314 Iterum³
560 1259 693 1329 Pippinus
718 1259 828 1314 Italiam
853 1262 888 1314 in
895 1259 1102 1332 grediturd,
1126 1258 1295 1314 Haistulfum
1304 1267 1463 1317 0hr.n.11‚20·

121 1333 242 1403 Papiae0
259 1333 394 1386 inclusum
407 1332 541 1399 obsidet,
559 1331 720 1386 Ravennam
734 1349 797 1386 oum
809 1331 955 1401 Pentapoli
972 1331 1109 1386 reddere
1124 1347 1203 1400 conp
1212 1329 1416 1387 eliitvsiepn.

121 1408 156 1458 et
173 1421 237 1473 per
254 1401 409 1456 Folratum
428 1403 574 1456 missum
593 1420 692 1456 suum
710 1407 805 1457 sancto
819 1402 903 1456 Petro
922 1404 1044 1472 apostolo
1064 1407 1092 1456 et
1110 1400 1294 1470 Stephano

120 1472 229 1544 papaef
251 1474 352 1528 vicario
371 1474 428 1527 eius
446 1473 597 1529 tradiditg.

227 1544 391 1600 DGOLVII.
427 1543 598 1597 Haistulius⁴
621 1544 650 1596 in
668 1544 813 1598 venatione
837 1543 954 1612 quadam
979 1561 1049 1611 equo
1070 1545 1161 1612 lapsus
1179 1559 1295 1613 regnum
1304 1514 1463 1618 sshffifffifffi·

122 1635 185 1671 cum
203 1617 259 1670 vita
276 1615 404 1684 perdidit.
495 1614 688 1668 Constantinus
706 1616 857 1684 imperator
871 1613 1015 1684 Pippinoh
1037 1615 1097 1686 regi
1114 1615 1186 1668 inter
1204 1617 1396 1669 aeternamm.

113 1705 237 1741 -munera
256 1688 490 1811 etiamvffiganum
508 1686 602 1741 mittit.

228 1757 323 1811 Decii
434 1755 587 1825 Pippinush
604 1755 731 1810 Saxonib
740 1774 779 1809 us
792 1756 931 1825 superatis
944 1756 1078 1810 tributum
1096 1756 1156 1824 inp
1165 1752 1278 1809 osuiti
1288 1794 1295 1823 ,
1305 1762 1387 1806 caan
1394 1762 1425 1811 11,
1431 1761 1464 1804 aa

122 1833 160 1883 ut
177 1832 314 1882 trecentos
333 1845 417 1895 equos
436 1827 593 1896 singulis
611 1826 716 1880 annis
735 1827 806 1880 sibi
824 1827 1023 1883 solverent

228 1915 423 1972 DGOLVHH.
464 1914 730 1984 Waiphariusk·⁶
758 1915 820 1968 dux
847 1915 882 1968 in
909 1914 1058 1982 Aquitania
1084 1902 1295 1967 tirannidem
1305 1922 1375 1964 inae.

123 2013 283 2058 exercens
306 1997 491 2076 pressuras
511 2003 704 2058 eeclesiaruml
735 1992 802 2056 Dei
824 1995 979 2069 moretm,
1012 1991 1295 2076 depraedationes

123 2080 157 2130 et
180 2075 365 2128 iniustitiasn
387 2076 520 2129 multas
539 2075 625 2130 iacit.
1389 2116 1392 2120 >

228 2144 361 2202 DOOLX.
402 2145 536 2214 Pippinus
554 2145 765 2214 waiphariik
786 2143 868 2198 ducis
894 2145 1082 2212 stultitia⁰v
1109 2147 1374 2213 permotusioaa.

123 2217 231 2271 ducto
257 2218 286 2270 in
303 2217 490 2285 Aquitaniam
515 2217 703 2271 exercitur
731 2216 873 2270 institisse
899 2215 1092 2270 ecclesiaruml
1116 2215 1182 2268 Dei
1206 2214 1296 2268 facere

122 2292 451 2428 ffirgnlutegtirgrergiperum
469 2287 568 2342 iniuste
586 2288 772 2342 ablatarum
790 2287 991 2341 restitutionem
1007 2286 1168 2356 promittere
1186 2302 1296 2339 sacra·

229 2446 378 2502 DOOLXI.
414 2445 683 2516 waipharium-⁶
705 2446 884 2500 iuramenta
902 2446 1032 2499 mentitus
1054 2433 1202 2517 Pippino
1228 2452 1376 2496 mosam.

124 2524 232 2588 lestus
249 2523 409 2600 efficitur,
425 2524 517 2588 ferro
534 2527 570 2588 et
584 2524 676 2606 ignis
695 2527 821 2587 cuncta
836 2534 967 2588 vastando
980 2533 1187 2588 Gavillionemt
1211 2549 1296 2600 usque

123 2623 248 2692 pervenit
270 2611 545 2747 Quum-qu&
575 2611 666 2675 sibiu
699 2631 778 2675 cum
805 2612 875 2705 suis
899 2630 1076 2675 occurrere
1100 2609 1313 2694 conpulitl„

230 2693 318 2776 Duc·
354 2694 394 2750 H.
429 2694 563 2777 P1pp1nus
583 2711 645 2748 cum
665 2693 774 2748 Cariow
793 2694 849 2746 fiho
868 2693 1035 2776 Burbonem‚
1055 2692 1205 2784 Oantelam,
1223 2682 1375 2788 clar-&ffi-

124 2769 246 2819 montem
270 2767 437 2833 allasque
457 2769 578 2819 oivrtates
598 2770 625 2818 et
644 2766 755 2820 castella
772 2765 920 2835 pugnando
940 2769 1026 2833 oap1t3
1052 2765 1184 2831 eiusque
1202 2779 1352 2832 quam-752.

123 2836 253 2904 plurimis
272 2837 329 2889 eius
348 2836 520 2889 dominatui¹
542 2836 695 2890 subiectis
715 2836 824 2890 etiam
842 2835 1027 2890 Betuneamr
1049 2837 1196 2904 expugnat.

230 2923 409 2981 DOOLXHL
447 2924 550 2978 Tassilo
569 2933 675 3048 nepos
691 2913 848 2998 Pippiniz
874 2924 908 2979 de
926 2924 1074 2978 exercitui)
1097 2923 1169 2992 regis
1187 2940 1216 2977 se
1234 2922 1297 2977 sub·
1306 2931 1335 2973 ib.
1343 2891 1390 2972 2⁵.

120 2995 226 3066 *ducens
245 2994 287 3048 ad
305 2995 456 3049 Baioarios
474 3012 636 3051 secessi.

125 3161 147 3202 a)
161 3156 284 3205 constingit
297 3157 317 3198 3.
358 3156 381 3201 b)
395 3155 499 3194 nuntium
514 3156 537 3206 23
553 3156 644 3195 nucium
658 3157 677 3197 3.
717 3159 738 3203 c)
752 3157 867 3204 inceptum
881 3157 900 3197 3.
941 3153 964 3202 d)
979 3155 1092 3203 ingressus
1106 3155 1125 3197 3.
1166 3156 1187 3200 e)
1201 3154 1268 3202 papie
1277 3154 1297 3194 3.

125 3209 214 3259 ilpape
229 3210 248 3251 3.
308 3213 330 3257 g)
345 3206 447 3249 tradiit.
508 3208 532 3259 h)
546 3209 617 3258 pipin.
633 3209 652 3250 3.
715 3208 731 3259 i)
745 3209 797 3258 imp.
812 3212 831 3251 1.
894 3208 918 3256 1ι)
932 3208 1033 3256 waphar.
1047 3209 1066 3251 3.
1131 3206 1230 3258 l)aeccl.
1245 3209 1263 3248 1.
1277 3207 1296 3248 2.

125 3264 155 3309 m)
169 3262 240 3301 movit
253 3261 273 3304 2.
336 3264 359 3309 ιι)
374 3262 499 3301 iniusticias
513 3263 533 3304 2.
593 3264 615 3310 ο)
630 3262 730 3302 stulticia
744 3264 763 3304 1.
776 3262 796 3304 2.
859 3263 882 3310 p)
897 3261 996 3301 exertius
1009 3261 1029 3303 3.
1091 3263 1114 3310 q)
1128 3261 1229 3299 iusticias
1245 3262 1264 3300 1.
1277 3259 1296 3300 2.

126 3315 145 3365 ι)
160 3318 292 3354 renuentem
307 3316 326 3357 1.
340 3316 359 3357 2.
433 3317 453 3362 s)
471 3315 523 3363 igne
538 3317 557 3357 1.
571 3315 590 3357 2.
666 3317 683 3362 t)
700 3315 843 3354 cabillionem
856 3314 875 3356 2.
947 3316 971 3361 ιι)
988 3315 1046 3353 deest
1060 3316 1078 3356 1.
1149 3316 1173 3360 v)
1191 3324 1263 3361 comp.
1277 3313 1295 3353 1.

125 3371 155 3415 w)
169 3368 247 3407 karolo
263 3371 282 3409 1.
296 3368 315 3410 2.
369 3367 393 3418 x)
407 3365 541 3407 dominatiui
556 3368 575 3410 3.
630 3370 654 3418 y)
667 3368 803 3407 hetruricam
818 3369 838 3409 1.
892 3369 912 3415 n)
926 3367 1000 3416 pipini
1014 3368 1034 3409 1.

128 3492 153 3557 1)
177 3488 332 3557 Stephanus
357 3506 429 3558 papa
447 3489 565 3544 Romam
589 3489 735 3543 revertitur
758 3491 830 3544 Ann.
849 3490 928 3556 Sith,
957 3489 1021 3543 Chr.
1039 3490 1140 3551 Lnnr.,·
1166 3486 1296 3555 dirigens-

127 3577 180 3628 que
199 3577 262 3612 oum
281 3577 313 3614 eo
400 3577 449 3614 rex
535 3561 648 3614 fratrem
666 3577 745 3612 suum
764 3559 956 3613 Hieronimum
980 3561 1042 3611 Vna
1060 3559 1191 3626 Stephani
1213 3575 1234 3613 c.
1253 3562 1296 3614 39.

126 3632 153 3699 2)
169 3631 294 3699 pontifex
311 3648 368 3700 ‘per
384 3632 522 3684 marinum
544 3632 597 3685 iter
615 3647 677 3684 suos
696 3631 823 3684 ordinans
843 3633 871 3684 et
889 3629 923 3683 ad
942 3647 1005 3683 eum
1023 3629 1052 3682 in
1069 3628 1215 3682 Franciam
1233 3628 1296 3681 diri-

126 3719 193 3771 gens
214 3702 309 3755 missos
329 3743 336 3757 .
355 3744 362 3758 .
382 3745 388 3758 .
415 3702 542 3755 adiurans
564 3719 627 3756 eum
646 3745 653 3757 .
673 3745 679 3758 .
699 3743 706 3756 .
726 3706 832 3767 cuncta,
857 3717 927 3768 quae
952 3701 1033 3754 beato
1052 3698 1136 3753 Petro
1161 3700 1297 3767 pollicitus

127 3777 175 3838 est,
195 3773 397 3841 adimplendum
420 3776 482 3826 Vita
500 3775 631 3842 Stephani
647 3791 668 3828 o.
686 3776 730 3828 42.
824 3774 852 3841 3)
875 3771 981 3825 Iterum
998 3770 1151 3829 Haistulfus
1171 3812 1178 3826 .
1198 3812 1204 3826 .
1224 3812 1231 3824 .
1250 3771 1297 3823 ob·

127 3860 214 3897 sessus
233 3847 274 3897 est
292 3846 365 3898 Ann.
383 3845 468 3906 Sith.,·
486 3843 566 3912 Pipp.
586 3844 615 3896 in
632 3843 669 3899 It.
687 3843 844 3912 proficiant,
862 3842 1031 3897 Haistulfum
1049 3840 1082 3898 P.
1100 3842 1118 3898 i.
1137 3841 1243 3896 obsedit
1262 3845 1297 3908 et,

126 3919 219 3967 utres
237 3915 324 3968 sancti
342 3913 419 3968 Petri
436 3915 572 3979 redderet,
597 3918 767 3968 sacramento
786 3914 956 3983 constringit,
974 3913 1044 3969 Rav.
1062 3930 1085 3968 c.
1104 3912 1185 3968 Pent.
1203 3915 1297 3965 sancto

128 3984 210 4038 Petro
229 3985 343 4038 tradidit
361 3987 425 4041 Chr.
441 3987 474 4042 L.
493 3987 532 4053 ΙΙ,
552 3989 600 4053 2ος
618 3984 753 4039 Fulradus
771 3985 932 4039 venerabilis
950 3985 1034 4038 abbas
1052 3984 1175 4052 apostolo
1194 3987 1222 4037 et
1240 3983 1297 4037 eins

127 4055 228 4109 vicario
247 4056 415 4110 sanctissimo
433 4073 521 4124 papae
540 4098 547 4111 .
567 4099 573 4112 .
594 4097 600 4112 .
619 4056 732 4110 tradidit
755 4058 817 4109 Vita
835 4057 966 4125 Stephani
988 4073 1010 4112 e.
1027 4059 1072 4111 47.
1160 4058 1189 4122 4)
1208 4053 1297 4110 Haist.

127 4143 252 4194 -equo
276 4144 309 4180 en
327 4130 399 4182 Ann.
418 4128 502 4190 snn.,·
526 4127 679 4181 Heistulius
701 4127 731 4180 in
752 4145 814 4182 ven.
833 4143 903 4194 equo
927 4156 962 4166 -
984 4125 1104 4195 perdidit
1129 4126 1193 4180 Chr.
1211 4126 1297 4186 Lanr.

128 4199 155 4264 5)
172 4199 252 4264 Haec,
273 4200 436 4251 ‘tantumne
454 4215 588 4252 annornm
606 4201 686 4251 series
703 4200 890 4266 rumparctnr',
910 4214 943 4250 en
960 4214 996 4265 eo,
1016 4200 1064 4264 qni
1080 4199 1207 4264 seqnitur,
1226 4212 1298 4249 nnnc

128 4271 276 4337 anticipata
299 4286 352 4322 esse
369 4270 448 4321 Parin
473 4270 536 4336 (SS.
554 4271 578 4336 I,
598 4287 628 4337 p.
646 4272 712 4334 338)
737 4277 803 4322 recte
820 4271 895 4323 nnn.
985 4269 1012 4335 6)
1029 4267 1166 4322 Weiferus
1184 4283 1297 4321 sacram.

127 4343 212 4394 ment.
230 4342 298 4395 vast.
317 4343 345 4393 et
363 4338 554 4407 depopulando
573 4356 658 4406 usque
677 4339 741 4393 (lav.
759 4357 834 4408 perv.
861 4340 925 4394 Chr.
944 4340 1030 4395 Lanr.
1121 4339 1147 4405 7)
1164 4337 1243 4406 Pipp.
1265 4366 1296 4376 -

128 4410 251 4478 conpulit
268 4412 497 4478 andupiieatiene
513 4412 652 4463 nardorum
668 4413 829 4478 sequentinm
848 4417 916 4465 ortu.
