2978 4934
483 1344 955 1430 PRAEFATIO.

248 1661 305 1740 De
338 1666 523 1731 Annalibus
552 1665 781 1748 Fuldensibns,
817 1666 872 1747 aui
905 1666 1064 1748 dieuntuu,
1099 1667 1227 1732 uberius
1261 1689 1309 1733 ea-

132 1755 229 1837 posui
259 1753 376 1820 ‘Neues
398 1754 531 1820 Auolio'
562 1755 685 1836 XVII,
709 1777 746 1836 p.
772 1760 935 1837 83-158,
966 1755 1056 1821 ouius
1085 1755 1310 1838 disputationis

138 1844 189 1910 lie
212 1865 367 1908 summam
388 1850 524 1926 repetere
547 1842 627 1908 satis
649 1843 755 1908 liabeo.

244 1931 481 1997 Diuidebantuu
503 1932 608 1997 addua
630 1931 667 1996 in
682 1938 794 2013 partes
817 1932 962 2015 quinque,
989 1952 1125 2014 quatum
1147 1954 1214 1998 una
1236 1933 1309 2013 dni-

138 2027 191 2086 tuu
212 2020 249 2085 in
272 2043 303 2084 a.
321 2027 396 2085 838.
420 2026 496 2086 uota
512 2020 653 2086 oodioum
669 2020 950 2103 Sellettstadensis,
967 2021 1176 2104 Hauniensis‚
1193 2023 1309 2087 Mona·

139 2109 240 2175 oensis
262 2108 462 2191 manainibus
482 2108 644 2190 adsimulo
666 2110 746 2174 Huc
769 2131 877 2194 usque
899 2110 1092 2188 Enhardua
1118 2111 1220 2175 alteia
1236 2117 1311 2192 post

138 2221 169 2262 a.
195 2204 269 2262 863.
311 2198 411 2262 simili
451 2197 654 2262 adnotatione
695 2201 864 2263 eorundem
905 2198 1044 2264 oodioum
1085 2200 1165 2264 Huo
1200 2220 1308 2283 usque

137 2288 341 2365 landolfus,
366 2286 460 2351 tertia
482 2285 520 2350 in
542 2307 573 2349 a.
598 2292 672 2350 882.
697 2288 762 2366 due
784 2289 961 2368 eorundem,
986 2293 1102 2368 quauta
1124 2287 1161 2351 in
1184 2308 1215 2351 a.
1233 2293 1307 2351 887.

138 2377 203 2454 [ine
226 2375 341 2441 oodiois
364 2374 615 2440 Vindobonensis
644 2395 695 2439 nu.
721 2380 794 2456 615,
826 2375 938 2456 quintu
967 2375 1034 2439 iam
1062 2377 1102 2440 ab
1133 2397 1164 2438 a.
1189 2381 1264 2439 882.
1288 2397 1309 2440 a

138 2470 253 2544 quauta
283 2463 444 2528 discedens
474 2465 539 2543 dne
569 2469 739 2528 ceterorum
768 2463 908 2529 oodienm
937 2466 982 2529 ad
1009 2485 1040 2527 a.
1066 2469 1140 2528 901.
1170 2465 1241 2546 Eoo
1270 2485 1309 2528 en

87 2625 88 2629 Ἰ
138 2551 232 2617 tentia
255 2558 283 2616 et
305 2559 429 2633 quauta,
461 2572 541 2633 anas
570 2551 708 2616 einsilem
736 2551 876 2616 auotouis
904 2573 968 2616 esse
990 2557 1034 2616 A.
1058 2552 1230 2632 Retlfeldl
1260 2555 1307 2618 de-

137 2641 333 2722 monstrauit,
357 2662 457 2705 unam
478 2640 550 2722 feei,
575 2640 719 2721 quintam
734 2646 846 2722 autem,
871 2659 950 2722 quae
966 2662 987 2704 a
995 2640 1162 2723 prioribus
1177 2642 1309 2706 multum

138 2729 267 2808 liffeim
290 2735 318 2794 et
340 2728 538 2794 Baiooauiae
567 2734 691 2793 tantum
719 2729 876 2794 nationem
904 2730 1005 2812 lubet,
1036 2729 1308 2796 eontinnationnm

136 2817 408 2883 Baioouuioaunm
430 2817 556 2882 nomine
578 2817 714 2899 siquam.

245 2906 409 2971 Primae
426 2905 567 2988 partis
597 2912 763 2988 auctorem,
794 2926 883 2988 quem
905 2907 1094 2972 monaulum
1116 2908 1309 2972 Fuldensem

137 2995 278 3076 lanatum
301 2997 459 3076 quendam
481 2993 540 3058 alii
561 2993 826 3076 eaistimaoeunnt,
851 2995 1007 3060 neminem
1023 2995 1088 3061 nisi
1103 2996 1309 3062 Eiidtuidnm

137 3082 228 3148 illum
244 3083 364 3149 Kauoli
380 3090 408 3148 et
423 3083 590 3148 Ladoniei
606 3083 637 3146 Ι.
654 3083 879 3165 imperatorum
901 3083 1194 3164 familiarissimam
1208 3085 1309 3165 fuisse

138 3172 279 3253 eqioidem
295 3193 487 3254 persuasum
509 3171 615 3236 labeo.
663 3173 751 3236 Nam
774 3179 809 3236 ut
832 3173 972 3238 omittam
994 3194 1065 3237 eum
1087 3172 1182 3237 etiam
1206 3195 1227 3237 a
1248 3194 1308 3237 mo·

138 3261 239 3326 naulo
260 3259 524 3342 Kiisolaautensi
546 3260 582 3325 in
603 3259 759 3326 Oleuouioo
778 3260 1005 3327 Woumatiensi
1029 3257 1072 3338 (o.
1096 3261 1204 3344 iufra)
1229 3261 1308 3325 Ein-

138 3349 275 3414 laudum
298 3349 370 3431 diei,
395 3349 589 3414 Enlardnm
611 3355 640 3413 et
662 3348 869 3415 Eiulaudum
894 3348 978 3413 idem
1001 3370 1114 3414 nomeu
1136 3371 1201 3414 esse
1224 3371 1309 3415 nuno

138 3437 263 3518 quidem
289 3437 374 3502 inter
397 3458 502 3502 omnes
530 3443 659 3502 oonstat.
711 3439 801 3518 Quod
829 3444 933 3502 antem
962 3443 1027 3501 tam
1055 3438 1155 3502 multa
1183 3437 1220 3501 in
1249 3438 1309 3503 lao

138 3525 319 3590 Annalium
335 3532 430 3608 naute
451 3525 659 3590 inueniuntur
682 3527 726 3590 ad
747 3526 888 3590 Fuldam
910 3524 1093 3607 spectantia,
1117 3547 1197 3606 quae
1220 3526 1309 3607 lonae

137 3614 312 3678 mammam
327 3621 455 3696 partem
477 3635 516 3679 ea
531 3613 717 3679 Annalibus
731 3613 947 3679 Fnldensibus
969 3612 1201 3694 antiquissimis
1223 3613 1309 3678 aliis-

138 3724 196 3784 que
218 3702 370 3768 subsidiis
392 3703 607 3768 Fnldensilus
623 3701 726 3784 petita
747 3709 830 3784 sunt,
857 3724 895 3767 ea
917 3722 951 3767 ue
975 3701 1058 3767 ninii
1080 3701 1222 3782 eflicitur
1244 3701 1310 3766 nisi

138 3793 203 3874 loo,
227 3797 386 3857 auotouem
407 3790 598 3856 monasterio
620 3790 672 3855 illi
688 3790 905 3873 propinquum
927 3789 1045 3870 fuisse:
1068 3812 1102 3856 eo
1121 3812 1203 3872 oeno,
1228 3792 1312 3871 qnod

139 3966 165 4033 1)
182 3967 216 4021 Α.
229 3965 362 4031 Rethfeld,
385 3965 478 4018 ‘Uelia‘
489 3967 539 4018 dou
556 3966 699 4033 Uispinuq
717 3967 762 4018 des
778 3967 893 4031 inuitem,
913 3966 1014 4018 dritten
1031 3967 1088 4017 und
1106 3968 1204 4018 meran
1219 3964 1310 4016 minis

137 4038 186 4088 der
203 4043 381 4102 soumannten
392 4037 554 4088 Fnldisohen
566 4037 710 4102 Annaleu’,
730 4037 813 4089 Halle
831 4039 901 4092 1886
906 4055 917 4100 ;
935 4038 970 4102 of.
989 4039 1070 4088 etium
1087 4053 1114 4091 a.
1126 4037 1189 4091 869.
1208 4035 1247 4102 (p.
1261 4036 1309 4100 68)

137 4123 215 4160 more
240 4104 366 4172 Catilina
396 4123 422 4158 a.
441 4109 503 4162 875.
529 4111 568 4175 (p.
587 4108 636 4172 85)
661 4123 738 4160 moro
763 4105 937 4175 Iugurthino,
967 4124 993 4162 a.
1012 4109 1074 4162 882.
1100 4111 1139 4175 (p.
1159 4108 1207 4171 98)
1232 4121 1310 4159 more

138 4177 288 4232 thabioo,
360 4177 388 4244 2)
406 4179 472 4230 Onm
490 4181 559 4230 enim
574 4181 701 4246 priorum
715 4181 840 4246 partium
858 4186 977 4230 auotorm
993 4195 1047 4230 non
1062 4179 1147 4230 solnm
1160 4176 1308 4242 Einhardi

138 4251 183 4301 sed
200 4251 280 4302 etiam
296 4249 384 4301 Taciti
400 4251 448 4315 (ef.
467 4266 493 4304 a.
505 4251 582 4314 852.)
600 4257 624 4301 et
639 4249 768 4301 Sallustii
784 4253 823 4316 (a.
836 4251 898 4304 869.
916 4256 940 4301 et
958 4251 1034 4315 875.)
1052 4251 1161 4317 seriptis
1178 4248 1311 4300 studuisse

138 4328 161 4372 et
187 4321 248 4371 inde
272 4320 427 4372 locutionem
451 4321 615 4372 emmulatam
635 4327 659 4372 et
677 4321 806 4372 Latinam
829 4323 974 4388 pumpiose
997 4327 1093 4373 cantet
1119 4322 1166 4385 (ot.
1185 4317 1311 4383 Rethfeld

139 4393 157 4446 l.
177 4392 194 4446 l.
211 4408 240 4458 p.
254 4392 286 4444 11
300 4407 338 4457 sq.
356 4397 380 4443 ei
398 4391 455 4458 23),
482 4393 586 4458 quinta,
612 4392 841 4459 numismatum
860 4393 923 4444 stilo
941 4393 1009 4444 satis
1027 4392 1144 4443 barbaro
1161 4391 1312 4456 conscripta

138 4468 184 4528 est,
203 4463 280 4513 onius
296 4462 417 4529 mempla
434 4463 567 4515 nonnulla
583 4463 667 4514 attuli
685 4463 780 4514 ‘Neues
797 4463 908 4516 Archio’
926 4463 1020 4528 XVII,
1037 4480 1067 4530 p.
1080 4464 1133 4517 152
1145 4478 1183 4528 sq.
