2978 4934
352 400 541 471 (lucrose
560 400 839 470 mamerano).
875 402 911 455 A.
931 406 1080 460 scs-scr.
1269 409 1303 463 os

130 586 266 668 garium
290 585 432 648 comites
457 605 476 647 a
500 587 598 667 patre
615 603 676 647 suo
693 585 864 667 depositos
881 586 951 648 suis
967 586 1135 650 adhibens
1153 587 1302 650 consiliis

130 673 312 758 pristinam
335 673 383 737 eis
408 673 614 754 dignitatem
630 691 665 735 se
681 673 923 735 restituturum
940 692 1012 736 esse
1028 675 1195 757 promisit.
1235 674 1303 738 Sed

131 765 167 826 et
190 760 426 825 Heimrioum⁸
453 760 639 843 prinoipem
671 754 837 824 militiaeb
865 761 970 824 suae1
999 762 1043 824 ad
1064 762 1226 826 Rastizen
1249 764 1302 826 de·

130 850 283 925 stinarit,
308 847 433 912 obnixe
456 849 645 932 postulans,
669 850 710 910 ut
734 849 887 912 eiusdem
903 850 1166 932 conspirationis
1185 850 1303 914 fautor

129 938 205 1009 iore
234 957 306 1000 non
333 939 518 1000 recusaret.
566 935 641 1014 Quo
672 940 846 1019 comperto
876 956 935 1000 rex
964 937 1229 1001 Oarlmannum⁰
1258 939 1303 1001 ad

129 1027 316 1089 tuitionem
332 1018 531 1088 Baioariae‘1
557 1018 837 1105 [delrelinquense
859 1025 1013 1088 concitus
1029 1026 1125 1089 venit
1148 1026 1184 1088 in
1200 1026 1303 1089 Fran-

131 1107 241 1178 ciamf
268 1118 302 1177 et
326 1134 347 1176 a
370 1113 439 1176 suis
469 1113 621 1193 undique
651 1111 903 1176 confluentibus
934 1114 1026 1197 apud
1048 1114 1393 1188 saucomarias).

130 1202 318 1266 honorifice
348 1205 526 1283 susceptus
558 1204 610 1264 est
637 1203 673 1264 et
696 1201 985 1283 conspirationem
1016 1204 1169 1265 exortam
1198 1202 1308 1267 facile·

129 1290 360 1354 resumite-2.
395 1289 507 1352 Tanta
523 1289 651 1353 etenim
674 1289 863 1351 multitudo
884 1289 1039 1352 fidelium
1062 1310 1201 1352 suorum
1225 1311 1303 1353 oum

131 1398 171 1443 co
193 1382 280 1441 tunc
304 1379 432 1455 aderat,
457 1381 498 1439 ut
521 1396 599 1460 pars
624 1378 774 1453 adversa,
800 1378 867 1440 nisi
889 1378 993 1440 timor
1016 1378 1079 1440 filii
1105 1371 1220 1459 isius]h
1247 1379 1302 1440 ad·

129 1459 288 1543 inissetl,
319 1466 420 1549 ligari
443 1464 563 1548 procul
587 1459 719 1528 dubiok
745 1465 924 1548 potuisset.
971 1465 1112 1530 Interea
1136 1465 1302 1530 Guntbol·

131 1549 213 1618 dusl
244 1555 385 1636 quidam
409 1555 451 1617 de
475 1552 717 1617 satellitibusm
734 1552 953 1616 Oarlmannin
981 1558 1102 1616 contra
1126 1555 1303 1617 dominum

131 1663 232 1707 suum
267 1643 429 1706 dimicare
463 1641 582 1705 rolens
617 1641 740 1704 amisso
776 1642 928 1704 exercitu
962 1643 1018 1705 rix
1050 1644 1147 1705 rivus
1183 1643 1301 1706 erasit.

131 1730 356 1795 Hludowicus
377 1750 457 1794 vero
481 1730 655 1793 mediante
671 1728 854 1793 Liutberto
878 1730 1133 1813 archiepiscopo
1158 1731 1302 1812 aliisque

131 1820 225 1903 pacis
249 1818 458 1883 amatoribus
482 1837 598 1881 mense
621 1816 828 1880 Novembrio
852 1819 944 1900 apud
960 1817 1188 1881 Wormatiam
1211 1820 1302 1902 patri
1312 1844 1369 1886 uov.

132 1928 193 1971 suo
215 1907 469 1971 reconciliatur.

237 1994 290 2058 Ea
311 1997 517 2078 tempestate
538 1994 631 2077 apud
646 1993 906 2075 Mogontiacum
929 1994 1069 2075 quidam
1093 1996 1135 2058 de
1158 1995 1301 2057 homini·

131 2083 196 2148 bus
219 2083 392 2147 Liutberti
416 2082 663 2165 archiepiscopi
686 2085 762 2144 orta
786 2082 975 2145 seditione⁰
1002 2083 1179 2147 interfecti
1203 2087 1299 2159 sunt;

154 2193 278 2235 uorum
306 2192 396 2234 mors
426 2171 576 2253 graviter
598 2171 636 2232 in
660 2172 816 2233 auctores
839 2170 1017 2233 seditionis
1040 2171 1216 2234 vindicata
1239 2174 1300 2233 est.

132 2193 282 2338 Quidam
312 2260 402 2323 enim
432 2260 468 2321 in
498 2259 594 2341 ligno
625 2259 793 2341 suspensi,
825 2257 885 2321 alii
915 2278 1080 2320 manuum
1110 2262 1145 2321 et
1175 2259 1302 2340 pedum

132 2345 388 2411 summitatibus
412 2347 599 2430 amputatis
623 2347 747 2409 etiamp
767 2346 897 2409 lumine
914 2346 1091 2409 oculorum
1106 2346 1300 2428 privantur;

131 2435 291 2498 nonnulli
307 2436 422 2498 omnia
445 2456 507 2498 sua
529 2434 762 2516 relinquentes
787 2438 822 2497 et
844 2437 990 2496 mortem
1007 2434 1150 2497 evadere
1167 2435 1302 2516 cupien-

131 2528 184 2587 tes
208 2523 323 2588 exules
347 2523 462 2587 effecti
485 2526 576 2586 sunt.

238 2612 382 2694 Legatiq
409 2611 601 2692 Vulgarum
623 2609 886 2674 Radesbonam3
900 2664 901 2667 ,
915 2610 960 2672 ad
982 2628 1098 2691 regem
1120 2613 1300 2686 venerunt,

132 2699 285 2763 dicentes
314 2719 430 2781 regem
459 2699 599 2763 illorum
630 2719 708 2761 eum
738 2698 865 2781 populo
888 2718 958 2760 non
981 2698 1115 2761 modico
1140 2698 1184 2760 ad
1208 2696 1303 2760 Ohri·

132 2791 225 2851 stum
255 2807 327 2851 esse
358 2807 558 2850 conversum
592 2787 762 2867 simulque
796 2789 967 2870 petentes,
1002 2788 1044 2848 ut
1073 2806 1132 2850 rex
1160 2786 1302 2849 idoneos

130 2876 384 3025 prpedioatores
423 2876 630 2939 christianae
667 2875 843 2957 religionis
883 2875 926 2937 ad
961 2895 1018 2938 eos
1055 2875 1193 2938 mittere
1231 2895 1302 2937 non

133 2964 168 3026 di
197 2967 296 3027 erret.

76 3106 122 3149 eso.
135 3178 137 3182 Ι
661 3079 754 3150 *867.

239 3192 506 3256 DOOOLXVII.
552 3193 646 3255 Rexl
673 3190 898 3255 Hludowious
915 3191 1107 3274 Vulgarum
1131 3194 1302 3276 petitioni-

131 3280 214 3345 bus⁸
244 3301 398 3344 annuens
428 3277 708 3343 h'rmenriohumt
738 3280 956 3362 episcopum4
987 3301 1064 3343 cum
1094 3281 1301 3364 presbyteris

132 3389 171 3432 ac
195 3369 395 3432 diaconibus
419 3370 464 3432 ad
486 3369 743 3451 propagandam
758 3367 862 3430 fidem
878 3367 1084 3430 catholicam
1099 3369 1297 3451 praefataeu

131 3458 228 3539 genti
259 3457 454 3521 destinarit.
502 3456 570 3521 Sed
600 3476 678 3518 eum
706 3455 791 3517 illuc
822 3456 1065 3538 pervenissent,
1100 3457 1250 3539 episcopi
1282 3479 1302 3520 a

129 3545 294 3628 pontifice
320 3545 475 3608 Romano
504 3543 621 3607 missi5
648 3547 759 3606 totam
789 3542 886 3606 illam
914 3547 1041 3606 terram
1071 3545 1300 3627 praedicando

131 3715 155 3767 ι)
168 3716 294 3755 heinricum
308 3718 327 3758 1.
382 3717 405 3763 b)
419 3715 516 3754 miliciae
532 3716 551 3758 2.
599 3717 620 3762 c)
635 3714 775 3753 colmannum
790 3715 815 3764 23
830 3715 909 3756 karlm.
922 3715 941 3756 3.
992 3712 1153 3770 tibatonem
1168 3715 1302 3758 baioarica.

131 3770 153 3817 e)
166 3769 297 3819 relinquens
311 3772 330 3810 1.
378 3770 517 3816 sistentiam
531 3769 550 3811 2.
598 3767 620 3819 g)
634 3768 752 3806 restrinxit
766 3768 784 3809 2.
832 3768 856 3815 h)
870 3769 926 3806 decet
941 3769 959 3809 1.
1007 3767 1023 3817 i)
1037 3767 1140 3807 affuisset
1153 3768 1172 3810 2.
1212 3768 1236 3816 11)
1251 3780 1302 3817 pro·

131 3819 200 3861 dubio
214 3823 233 3864 3.
287 3822 303 3870 l)
318 3820 460 3871 gnndtoldus
475 3822 493 3862 3.
552 3823 582 3867 m)
596 3820 706 3860 sallitibus
722 3823 740 3862 1.
799 3820 822 3871 n)
836 3820 915 3862 karlm.
930 3822 949 3862 3.
1003 3823 1025 3868 ο)
1039 3818 1154 3860 sedicione
1168 3821 1186 3863 2.
1241 3823 1265 3873 p)
1279 3826 1302 3861 et

131 3875 200 3914 etiam
213 3875 232 3916 3.
294 3872 318 3928 q)
332 3875 411 3924 Legati
426 3897 452 3903 -
466 3873 569 3913 differret
582 3875 625 3915 des.
640 3873 659 3914 2.
720 3876 740 3921 r)
754 3874 803 3912 Rex
817 3895 843 3902 -
858 3874 882 3912 in
896 3883 937 3913 sua
951 3874 994 3916 dee.
1008 3874 1027 3916 2.
1086 3876 1105 3920 s)
1118 3875 1268 3923 peticionibus
1282 3875 1301 3917 3.

131 3928 149 3976 t)
163 3928 313 3967 ermenricum
327 3929 346 3970 3.
400 3930 423 3975 11)
437 3929 539 3977 praefate
553 3927 572 3968 3.

131 4067 158 4135 1)
177 4068 301 4120 Comitem
319 4069 460 4134 Francice,
487 4069 534 4134 qui
557 4084 583 4121 a.
602 4068 663 4121 886.
689 4083 707 4117 α
726 4066 892 4119 Normonnis
917 4069 1015 4119 occisus
1039 4075 1083 4122 est.
1174 4067 1201 4134 2)
1223 4069 1301 4120 Circa

130 4154 243 4191 naensem
254 4141 423 4204 Augustum
441 4138 582 4190 Dtmmler
594 4138 634 4202 ΙΙ,
651 4155 680 4204 p.
694 4139 746 4192 152
758 4153 796 4203 sq.
851 4137 878 4203 3)
895 4139 954 4189 Rea
969 4139 1026 4188 illio
1038 4139 1170 4190 mensim
1181 4139 1261 4190 Ionio
1278 4147 1302 4190 ei

130 4211 253 4275 Auyano
278 4217 444 4261 conmeatus
466 4215 581 4261 estante
598 4209 787 4274 eapeditiooem
805 4214 898 4258 contra
916 4209 1004 4272 filium
1022 4215 1183 4275 susceptam
1209 4209 1302 4260 Mete

131 4281 227 4332 tucher
245 4296 288 4331 nr.
302 4283 372 4335 1418
384 4297 422 4347 sq.
459 4281 498 4331 Dc
516 4281 680 4331 conversione
699 4279 884 4343 Balearorum
902 4280 936 4342 of.
955 4279 1096 4329 Dtmmler
1113 4279 1153 4345 H,
1170 4297 1199 4346 p.
1213 4281 1300 4334 187—

130 4353 192 4406 192.
252 4352 280 4418 4)
297 4351 485 4403 Pateorensem.
550 4350 576 4415 5)
593 4350 739 4401 Formosus
756 4349 911 4400 Poriueneis
928 4355 952 4400 ct
969 4349 1073 4400 Paulus
1090 4349 1301 4416 Populoniensis.

1070 4455 1087 4509 5
