2978 4934
198 467 252 520 104
477 459 567 517 ANN.
586 460 695 516 FULD.
714 459 814 514 PARS
834 459 888 516 111.
906 459 1096 529 (MOGONT.)

198 649 274 709 tum
298 648 333 709 εὴ
356 644 523 727 quosdam
544 643 720 706 Romanae
744 642 834 705 sedis
858 642 1042 725 episcopos,
1074 643 1133 725 qui
1163 663 1242 707 eum
1273 645 1372 727 depo·

197 736 336 809 nerent;
368 733 460 814 quod
483 731 646 814 perficere
669 730 809 793 minime
833 733 1038 813 potuerunt:
1070 751 1151 794 nam
1173 733 1370 814 praedictus

197 821 355 905 pontifex
377 820 576 903 imperatori
599 838 659 901 per
682 818 815 900 legatos
844 839 922 882 suos
950 819 1028 901 plus
1052 840 1154 902 quam
1178 820 1282 882 XXX
1306 820 1370 903 cpi·

198 930 378 993 scoporum
394 909 535 971 nomina
558 910 593 971 ct
617 907 771 970 omnium
788 906 1066 990 presbyterorum
1090 911 1125 972 et
1149 907 1371 972 diaconorum

198 997 425 1061 cardinalium
449 999 551 1079 atque
575 995 747 1059 inferioris
771 996 898 1077 gradus
921 1015 1153 1078 personarum,
1178 1016 1314 1060 necnon
1336 1000 1371 1061 et

197 1086 364 1150 laicorum
394 1085 588 1168 principum
610 1084 759 1166 regionis
783 1084 912 1167 scripta
935 1085 1131 1160 destinavit,
1164 1085 1223 1167 qui
1254 1105 1370 1150 omnes

197 1175 407 1238 unanimiter
437 1194 515 1237 eum
545 1173 725 1255 elegerunt
756 1175 791 1236 et
822 1173 894 1236 eius
925 1173 1135 1235 ordinationi
1167 1174 1371 1257 subscripse-

197 1266 290 1326 runt.

724 1360 822 1430 *88t
1380 1389 1455 1440 *ans

122 1496 187 1538 retr.
304 1472 643 1538 DOOOLXXXVI.a
697 1473 816 1536 Mense
847 1471 1034 1536 Februario
1064 1473 1233 1537 exercitus
1265 1475 1371 1538 orien-

197 1563 323 1626 talium
346 1561 556 1624 Francorum
585 1561 707 1624 missus
738 1564 789 1625 est
821 1564 941 1624 contra
964 1561 1204 1625 Nordmannos
1233 1563 1270 1624 in
1294 1561 1371 1626 Gal-

198 1651 281 1714 liam
310 1651 407 1713 iuxta
436 1649 583 1713 Parisios
615 1649 878 1726 consistentes13
915 1650 974 1732 qui
1009 1651 1046 1712 in
1078 1651 1201 1715 itinere
1232 1654 1372 1734 propter

198 1739 360 1802 imbrium
389 1739 652 1802 inundationem
682 1741 717 1801 et
746 1738 856 1820 frigus
886 1739 1069 1802 imminens
1099 1759 1169 1801 non
1198 1740 1371 1802 modicum

199 1848 363 1911 equorum
386 1847 525 1890 suorum
548 1827 699 1910 perpessi
723 1830 804 1889 sunt
825 1827 999 1889 damnum.
1036 1825 1123 1890 Oum
1147 1830 1263 1891 autem
1287 1827 1370 1891 illuc

198 1916 443 1999 pervenissent,
474 1914 691 1979 Nordmanni
717 1935 832 1979 rerum
860 1916 1013 1978 omnium
1036 1915 1312 1979 habundantiam
1335 1916 1371 1979 in

198 2003 447 2067 munitionibus
478 2004 547 2067 suis
576 2004 744 2068 habentes
768 2024 908 2066 manum
933 2004 1082 2068 cumeis
1107 2024 1284 2068 conserere
1307 2024 1370 2069 nec

197 2092 383 2156 voluerunt
412 2112 476 2156 nec
506 2093 580 2155 ausi
611 2095 701 2155 sunt.
748 2092 862 2174 Igitur
886 2093 1007 2156 diebus
1031 2093 1313 2176 quadragesimae
1336 2097 1370 2157 et

197 2201 305 2264 usquc
329 2182 373 2245 ad
395 2184 531 2265 tempus
554 2181 765 2263 rogationis²
794 2181 890 2244 inani
917 2180 1035 2245 labore
1064 2182 1286 2264 consumptis,
1320 2202 1370 2246 ex·

198 2275 298 2354 cepto
322 2268 414 2354 quod
437 2269 596 2334 Heimrih
627 2270 793 2353 quosdam
823 2272 920 2333 extra
942 2269 1169 2333 munitionem
1192 2269 1370 2334 inveniens

198 2360 333 2433 occidit,
366 2359 461 2441 cquis
486 2362 521 2421 et
544 2357 656 2422 bubus
681 2357 837 2442 plurimis
861 2358 942 2421 inde
965 2357 1110 2421 sublatis
1133 2359 1311 2422 redierunt
1334 2360 1370 2421 in

198 2468 269 2510 sua.
315 2448 456 2511 Interea
479 2446 584 2529 Hugo
608 2450 643 2510 et
668 2444 812 2522 Gozilin,
842 2446 984 2510 abbates
1008 2449 1044 2509 et
1068 2447 1171 2510 duces
1194 2447 1370 2530 praecipui

76 2533 332 2604 <mandanae
366 2535 529 2618 regionis,
566 2534 603 2597 in
638 2535 762 2617 quibus
793 2534 902 2597 omnis
933 2554 1009 2617 spes
1040 2532 1220 2599 Gallorum
1251 2538 1370 2598 contra

78 2623 438 2691 (nnciNordmannos
461 2624 574 2706 posita
597 2627 682 2700 erat,
708 2623 865 2688 defuncti
888 2622 1002 2686 suntss.
1037 2623 1138 2687 Unde
1154 2622 1370 2686 Nordmanni

199 2705 417 2776 audacioresb
446 2711 562 2776 effecti
586 2716 621 2776 et
645 2713 687 2776 de
711 2732 773 2775 sua
793 2712 985 2775 munitione
1002 2712 1129 2794 egressi
1144 2712 1307 2793 omnique
1322 2732 1369 2775 re·

198 2801 299 2882 gione
329 2801 433 2883 potiti
460 2801 660 2865 venationes
691 2805 726 2865 et
755 2801 866 2865 varios
901 2800 1000 2864 ludos
1035 2799 1134 2863 nullo
1164 2801 1369 2883 prohibente

199 2888 414 2952 exercebant.
518 2901 519 2906 ’

305 2975 445 3059 Optima
474 2997 552 3059 pars
575 2977 775 3060 Mogontiae
806 2977 965 3053 civitatis,
997 2977 1058 3041 ubi
1081 2977 1252 3041 Frisiones
1277 2978 1369 3042 habi-

196 3064 331 3140 tabant,
362 3068 440 3147 post
467 3065 615 3129 mediam
638 3066 934 3147 quadragesimam
957 3085 1073 3129 mense
1096 3065 1223 3129 Martio
1248 3066 1369 3129 confla·

197 3153 311 3235 gravit
333 3153 503 3217 incendio.
549 3154 668 3218 Mense
684 3174 764 3218 vero
779 3154 881 3230 Maio
907 3154 1009 3220 Iunio
1034 3157 1137 3236 atque
1154 3153 1246 3217 Iulio
1270 3159 1370 3218 tanta

196 3242 247 3304 vis
271 3241 433 3306 imbrium
456 3242 517 3305 diu
535 3246 707 3326 noctuque
732 3243 804 3306 sine
828 3242 1079 3306 intermissione
1104 3242 1249 3306 caelitus
1273 3242 1370 3327 lapsa

197 3334 259 3407 est,
291 3334 331 3394 ut
359 3330 477 3394 nullus
509 3332 583 3395 aevi
606 3331 796 3415 praesentis
819 3334 955 3394 tantam
978 3351 1144 3414 aquarum
1168 3331 1369 3395 habundan-

196 3419 282 3482 tiam
312 3440 347 3484 se
376 3421 502 3484 vidisse
532 3419 696 3484 fateatur.
742 3419 844 3483 Unde
873 3418 1017 3482 flumina
1045 3420 1082 3481 in
1114 3419 1255 3483 diversis
1286 3419 1369 3482 locis

196 3507 463 3572 intumescentia
485 3508 644 3591 frugibus
667 3508 770 3571 variis
794 3508 939 3571 extitere
961 3509 1135 3591 pernoxia.
1174 3507 1266 3570 Nam
1281 3508 1368 3572 Rhe·

196 3617 262 3660 nus
292 3596 427 3661 alveum
458 3619 558 3661 suum
588 3617 743 3680 egressus
774 3601 900 3660 cuncta
929 3595 1006 3660 loca
1035 3596 1101 3660 sibi
1132 3597 1295 3678 contigua
1326 3595 1368 3659 ab

195 3689 276 3748 ortu
305 3705 366 3748 suo
396 3707 503 3770 usque
536 3687 580 3749 ad
609 3686 792 3749 introitum
822 3685 924 3748 maris
955 3684 1113 3748 omnibus
1143 3683 1303 3767 frugibus
1334 3687 1369 3748 et

196 3859 218 3904 a)
232 3856 442 3900 DOOCLXXXIIII.
457 3860 502 3900 cod.
507 3872 515 3905 ,·
530 3859 557 3905 cf.
572 3870 593 3901 α.
607 3859 653 3901 868.
707 3857 730 3905 b)
745 3855 874 3897 audatiores
889 3858 934 3898 coel.

197 3998 224 4064 1)
243 3999 295 4062 Qui
311 4014 330 4049 n
348 3999 488 4049 Novembri
511 4001 579 4049 anni
598 4001 741 4064 praeteriti
758 4000 848 4050 nobem
867 4000 1074 4067 apparantem&
1098 3999 1132 4062 cf.
1152 3999 1294 4049 Drlmrnler
1312 3998 1367 4063 III,

193 4087 222 4136 p.
242 4071 304 4123 259.
387 4069 415 4135 2)
432 4069 497 4119 Dies
513 4071 684 4134 roqnnonnm
702 4085 729 4121 eo
747 4085 819 4121 anno
837 4071 902 4124 Kal.
921 4071 989 4123 Mal.
1009 4076 1155 4136 coeperant,
1183 4070 1229 4120 sal
1247 4085 1279 4120 en
1297 4070 1369 4119 reln-

196 4140 313 4191 tionibns
339 4139 457 4190 Athonis
482 4146 506 4190 et
533 4141 682 4191 Annalium
709 4142 812 4192 Veclnst.
838 4142 996 4192 Heinrr'cnm
1024 4141 1163 4192 nonnullis
1189 4140 1282 4191 diebus
1308 4145 1370 4190 ante

198 4211 308 4261 Gozlini
324 4216 433 4261 nantem
444 4226 577 4262 reversum
595 4227 647 4263 esse
665 4227 763 4263 necesse
780 4218 834 4272 est,·
853 4212 994 4262 Drlrnlnler
1006 4211 1061 4274 III,
1078 4229 1107 4278 p.
1120 4212 1182 4264 266.
1237 4212 1265 4276 3)
1278 4211 1357 4262 Gozl'

194 4297 248 4331 nns
265 4281 348 4332 abbas
365 4281 393 4334 S.
413 4282 544 4334 Gerrnnni
559 4289 584 4334 el
601 4284 736 4349 episcopus
754 4282 934 4348 Parisiorum,
961 4285 1009 4349 qni
1033 4289 1139 4333 eatenus
1163 4297 1268 4332 samma
1287 4282 1368 4344 torti-

196 4352 288 4403 tudine
305 4358 329 4403 et
343 4353 490 4418 prudentio
508 4353 598 4403 orbern
617 4353 779 4417 defenderat,
799 4356 867 4419 Apr.
882 4356 924 4407 16.
944 4355 974 4404 ne
990 4356 1044 4405 nita
1057 4353 1171 4418 decessn,
1185 4352 1266 4416 ano
1282 4352 1368 4403 Turo-

195 4423 285 4474 nensis
302 4423 384 4474 nbbos
401 4438 454 4474 non
472 4423 556 4475 rnnllo
570 4430 631 4490 post
649 4425 727 4474 illurn
746 4425 813 4478 Μαί.
829 4427 878 4485 12;
897 4425 1037 4476 Drlmmler
1053 4441 1080 4490 p.
1100 4426 1161 4477 267.
