2978 4934
168 470 222 523 108
443 486 446 491 ·
514 464 725 521 ANNALIUM
743 463 994 530 FULDENSIUM

169 670 286 714 corum
320 647 454 712 insidiis
484 651 581 713 extra
610 648 839 712 munitionem
872 648 1069 713 invenirent
1099 652 1135 713 et
1165 654 1334 733 caperent,

168 737 357 801 secundum
379 735 481 800 illum
503 735 756 801 nobilissimum
779 739 901 820 poetae
924 756 1060 801 versum
1083 737 1256 803 volentes:

279 823 364 905 Quid
384 843 498 904 moror,
522 829 630 888 cetram
652 822 754 887 armis
776 823 938 905 contingat
953 824 1067 906 palma
1090 825 1234 891 dolare?

168 918 203 979 et
226 914 277 978 ita
299 913 434 977 factum
455 912 556 990 foret,
580 913 618 976 ni
641 913 750 976 nostri
772 913 973 978 muneribus
995 915 1157 998 corrupti,
1181 919 1223 979 ut
1246 915 1337 980 famu

166 1003 284 1079 refert,
309 1003 351 1066 de
372 1005 471 1085 parte
487 1001 698 1065 Francorum
719 1002 912 1085 proditores
935 1005 1050 1066 essent
1073 1007 1108 1067 et
1131 1004 1336 1087 inpedirent.

169 1090 236 1154 Sed
257 1095 376 1155 tamen
399 1090 517 1174 paucis
540 1090 661 1154 occisis
683 1091 810 1154 reversi
826 1093 907 1154 suut
923 1091 967 1154 ad
982 1110 1107 1173 regem.
1153 1092 1337 1156 Redeunti-

167 1179 231 1242 bus
261 1178 331 1243 illis
361 1179 441 1242 ilico
469 1198 529 1242 rex
551 1181 689 1262 arrepto
711 1179 836 1243 itinere
860 1199 938 1243 cum
961 1180 1055 1242 omni
1078 1180 1232 1244 exercitu
1254 1181 1337 1245 fines

167 1271 203 1332 et
230 1268 458 1331 munitionem
479 1266 791 1344 Nordmannorum,
822 1267 905 1351 ipsis
936 1288 1015 1332 cum
1042 1287 1161 1334 eorum
1188 1269 1336 1352 regibus,

167 1356 204 1418 id
227 1360 278 1420 est
303 1356 468 1439 Sigiirido
491 1359 528 1420 et
543 1354 735 1433 GotafridO,
760 1355 972 1439 principibus
989 1356 1107 1434 Vurm,
1132 1357 1221 1421 Hals
1244 1359 1337 1422 intus

167 1443 309 1508 inclusis
340 1444 537 1527 occupavit;
569 1448 682 1508 castra
708 1445 878 1509 exercitus
900 1445 938 1507 in
962 1445 1110 1508 circuitu
1132 1466 1238 1530 prope
1263 1447 1338 1510 civi-
1370 1445 1373 1450 ’

166 1536 277 1596 tatem
309 1533 383 1596 fieri
412 1533 587 1615 praecepit
616 1533 732 1614 sicque
763 1552 824 1616 per
854 1534 927 1597 dies
957 1533 1032 1596 XII
1060 1534 1232 1599 obsessam
1265 1554 1338 1598 oon·

168 1621 316 1684 strinxit.

274 1709 364 1772 Mira
391 1710 508 1792 itaque
535 1728 589 1773 res
614 1713 649 1773 et
672 1710 844 1792 stupenda
871 1709 1110 1775 obsidentibus
1134 1714 1170 1775 et
1193 1711 1337 1776 obsessis

74 1818 118 1861 rur.
126 1819 158 1861 21.
168 1798 316 1880 quadam
344 1797 400 1861 die
429 1798 588 1861 occurrit.
633 1797 725 1861 Nam
747 1798 785 1860 in
808 1796 893 1860 XII.
916 1797 997 1861 Kal.
1021 1799 1110 1881 Aug.
1141 1798 1220 1864 luce
1251 1804 1338 1883 post·

167 1887 281 1949 media
306 1886 490 1950 tenebrosa
513 1886 628 1951 subito
652 1885 764 1968 caligo
787 1889 864 1950 tota
887 1889 1000 1951 castra
1022 1888 1168 1970 operuit,
1198 1887 1337 1971 fulgure

168 1977 203 2037 et
232 1974 387 2037 tonitruo
423 1978 649 2058 concrepente
683 1974 817 2038 instans
850 1974 933 2038 talis
967 1977 1113 2058 grande,
1149 1979 1190 2040 ut
1219 1976 1337 2040 nullus

169 2067 272 2126 antea
294 2063 493 2126 mortalium
516 2083 551 2127 se
573 2062 645 2126 tale
668 2063 752 2145 quid
774 2063 891 2128 videre
921 2064 1155 2147 profiteretur;
1186 2085 1268 2142 non,
1298 2069 1338 2128 ut

167 2150 307 2214 solitum
330 2154 382 2215 est
406 2152 538 2235 lapides
554 2152 770 2228 descendere,
794 2150 900 2234 plana
915 2155 951 2216 et
967 2152 1102 2235 equalia
1122 2147 1335 2236 superficieb,

167 2241 226 2302 sed
243 2243 388 2303 cornuta
411 2244 446 2304 et
469 2239 622 2323 inequali
645 2242 681 2303 et
701 2259 822 2322 aspera
837 2239 927 2304 facie
943 2240 1102 2305 omnibus
1118 2242 1339 2307 cernentibus

50 2371 53 2376 -
166 2328 343 2391 insolitum
373 2333 409 2392 et
437 2349 603 2412 magnum
632 2328 868 2410 spectaculum
896 2328 1068 2412 praebuit.
1114 2329 1276 2395 Mirabile
1303 2335 1337 2396 et

165 2416 368 2481 incredibile
403 2418 513 2494 dictu,
548 2420 590 2481 ut
619 2416 675 2480 vel
705 2416 762 2479 vix
790 2416 846 2480 vel
875 2437 946 2482 non
976 2418 1191 2500 grossitudo⁰
1220 2438 1338 2484 eorum

165 2506 280 2587 potuit
301 2505 426 2589 pollice
443 2509 478 2570 et
493 2506 607 2570 medio
623 2505 838 2569 circumdari.
877 2505 968 2569 Nam
991 2509 1027 2570 et
1049 2507 1101 2570 ita
1123 2507 1203 2589 equi
1227 2511 1338 2591 stupe-

165 2594 259 2670 facti,
291 2597 332 2657 ut
362 2595 503 2659 efractis
533 2593 676 2658 sudibus
700 2596 735 2657 et
758 2592 903 2657 habenis
932 2595 1059 2677 partim
1088 2598 1186 2660 extra
1214 2599 1336 2673 castra,

164 2683 291 2763 partim
318 2683 356 2744 in
380 2683 499 2747 castris
520 2677 648 2747 ‘errore
672 2685 708 2746 et
731 2685 871 2765 stupore
893 2682 1130 2748 versabantur.
1177 2683 1337 2749 Civitatis
1347 2704 1422 2754 pru.

165 2789 309 2851 quoque,
340 2791 444 2853 quam
473 2765 714 2847 obsederantd,
745 2775 886 2854 propter
907 2771 1076 2854 impetum
1099 2772 1187 2836 aeris
1210 2793 1338 2856 magna

165 2879 243 2940 pars
274 2860 412 2935 corruit,
443 2860 495 2922 ita
523 2862 564 2922 ut
593 2880 664 2923 una
694 2860 815 2923 cohors
845 2860 1073 2924 coacervatim
1102 2864 1219 2943 posset
1247 2861 1337 2944 equi·

163 2948 291 3009 taudo⁰
319 2947 464 3029 ingredi,
488 2947 555 3010 nisi
577 2947 680 3024 vallo,
705 2949 797 3030 quod
821 2949 1048 3025 circumierat,
1072 2967 1238 3032 suspensa
1262 2970 1337 3014 con·

164 3038 282 3098 staret.

271 3124 386 3207 Igitur
414 3143 476 3208 per
504 3128 558 3188 tot
588 3125 662 3189 dies
692 3124 852 3189 obsidens
880 3128 954 3189 tam
982 3144 1127 3208 magnus
1155 3127 1335 3202 exercitus,

165 3212 294 3276 aestivo
317 3214 355 3276 in
377 3216 531 3297 tempore
549 3217 688 3298 propter
708 3214 927 3297 putredinem
943 3214 1141 3278 cadentium
1156 3214 1337 3278 hominum

164 3301 381 3384 aegritudine
405 3305 581 3386 correptus
603 3322 644 3365 ac
667 3295 844 3385 pertesusf
868 3305 930 3366 est.
976 3302 1050 3368 Nec
1072 3302 1186 3367 minus
1209 3303 1336 3366 inclusi

164 3390 268 3453 simili
302 3391 461 3455 molestia
495 3390 748 3475 premebantur.
800 3389 1006 3454 Oonsultum
1036 3394 1088 3455 est
1118 3410 1160 3456 ex
1188 3393 1336 3474 utraque

163 3482 270 3562 parte,
302 3483 343 3544 ut
373 3480 464 3544 datis
494 3500 536 3544 ex
564 3482 684 3543 nostra
713 3482 811 3562 parte
834 3478 1009 3543 obsidibus
1034 3478 1243 3562 Sigiiridus¹
1265 3499 1334 3557 rex,

163 3568 222 3649 qui
244 3589 350 3632 manu
373 3568 520 3633 validior
542 3571 626 3644 erat,
650 3567 747 3632 venit
770 3571 867 3632 extra
893 3568 1123 3632 munItionem
1149 3588 1255 3652 supra
1278 3588 1336 3632 sex

162 3655 311 3720 miliaria
334 3658 379 3721 ad
401 3677 527 3740 regem.
573 3657 727 3720 Primum
756 3657 950 3721 iuramento
979 3659 1193 3721 contestatus
1218 3659 1336 3722 estex

161 3743 224 3808 illa
252 3746 337 3809 hora
367 3749 402 3809 et
431 3745 526 3808 ultra
554 3765 672 3828 usque,
704 3746 787 3808 dum
809 3744 960 3809 Karolus
983 3745 1170 3828 imperator
1192 3745 1333 3823 viveret,

160 3853 349 3914 numquam
371 3833 409 3895 in
432 3852 533 3895 suum
554 3853 700 3916 regnum
722 3832 843 3897 hostili
873 3833 1096 3917 praedatione
1119 3834 1248 3910 iturus;
1281 3835 1335 3898 de·

160 3920 243 3983 hinc
267 3920 556 3984 christianitatem
585 3922 758 4004 professus
788 3923 901 4006 ipsum
930 3923 1172 4005 imperatorem
1199 3925 1335 4005 patrem

160 4009 197 4070 in
222 4008 429 4090 baptismate
460 4009 656 4091 adquisivit.
703 4010 798 4074 Duos
822 4010 871 4074 ibi
895 4011 967 4075 dies
991 4010 1075 4075 laeti
1098 4009 1240 4073 insimul
1264 4029 1335 4074 ver·

160 4095 299 4170 sabant;
324 4099 401 4157 tum
423 4097 572 4160 remissis
595 4099 721 4162 nostris
745 4099 922 4163 obsidibus
947 4100 989 4162 de
1004 4098 1197 4162 munitione
1220 4099 1294 4182 ipse
1316 4119 1334 4163 e

161 4184 332 4247 contrario
357 4204 435 4248 cum
451 4186 607 4250 maximis
623 4187 822 4251 muneribus
837 4188 998 4251 remissus
1014 4188 1059 4251 ad
1075 4206 1147 4250 sua.
1186 4187 1335 4251 Munera

158 4355 276 4461 ppeqrpale
290 4356 330 4449 &3
369 4356 393 4408 b)
407 4356 526 4413 superficie
540 4359 559 4400 3.
618 4361 639 4407 c)
653 4356 778 4398 crussitudo
792 4359 811 4401 3.
870 4357 894 4410 d)
908 4356 1039 4398 obsiderunt
1052 4359 1071 4400 3.
1126 4358 1147 4409 e)
1160 4357 1300 4408 aequitando
1316 4359 1337 4402 8.

190 4420 231 4458 per
242 4420 337 4452 esum.

159 4532 185 4599 1)
202 4533 288 4586 Immo
307 4534 486 4598 Gotafridae,·
504 4535 538 4598 cf.
554 4552 583 4601 p.
598 4537 649 4589 100
661 4551 699 4602 sq.
