2978 4934
139 462 193 516 102
418 454 1039 527 nvu.aunn.rlas1n.(noaour.)

140 639 272 704 cendiis
288 639 392 722 longo
407 643 562 723 tempore
577 638 823 722 fatigaverunt,
848 639 1070 704 audaciores*
1093 639 1212 706 effecti
1235 641 1309 705 duo

140 728 253 792 decim
268 728 365 792 milia
380 727 546 792 librarum
569 728 644 792 auri
668 731 704 792 et
728 728 863 811 argenti
886 727 930 792 ab
953 727 1016 792 illa
1033 729 1176 812 regione
1190 729 1309 794 tributi

139 817 279 881 nomine
310 819 499 899 exegerunt
528 819 565 880 et
592 819 712 880 tamen
741 816 846 881 fidem
877 815 1070 901 pollicitam
1098 837 1310 901 nequaquam

139 908 331 970 servarunt.
377 904 468 968 Nam
492 907 528 968 et
550 904 686 969 obsides
705 905 906 970 occiderunt
929 908 966 969 et
989 924 1010 968 a
1031 905 1310 990 praedationibus

139 994 282 1058 minime
307 995 536 1058 cessaverunt.

249 1250 566 1322 DOOOLXXXW'
621 1145 965 1322 Ideiiigoliordmwni
994 1277 1124 1342 pagum
1146 1257 1311 1342 Haspani·
1325 1174 1378 1222 m

140 1350 239 1411 cumc
268 1347 471 1410 invadentes
496 1349 649 1410 caeteros
675 1347 713 1409 in
737 1346 884 1410 circuitu
906 1346 1036 1410 vicinos
1059 1351 1312 1430 occupaverunt

139 1439 245 1518 atque
260 1433 378 1516 fruges
395 1434 520 1498 diversi
536 1434 671 1517 generis
684 1439 932 1518 congregantes
948 1435 1014 1500 sibi
1030 1435 1075 1498 ad
1090 1435 1313 1500 hiemandum

139 1527 177 1587 et
199 1521 466 1586 inhabitandum
496 1524 592 1605 quasi
620 1523 718 1587 nullo
745 1523 927 1588 resistente
950 1523 1206 1606 disposuerunt,
1235 1523 1313 1588 viris

140 1630 180 1674 ac
197 1609 410 1686 mulieribus,
436 1631 520 1694 quos
543 1611 697 1676 invenire
720 1615 919 1696 potuerunt,
944 1612 989 1675 ad
1012 1631 1113 1675 suum
1136 1611 1313 1676 servitium

138 1698 332 1763 reservatis.
386 1697 518 1778 Quibus
548 1699 752 1764 Liutbertus
782 1699 1057 1783 archiepiscopus
1087 1702 1124 1764 et
1153 1698 1313 1764 Heimrih

140 1806 254 1851 comes
278 1786 406 1870 aliique
428 1787 589 1851 nonnulli
612 1789 787 1872 insperate
803 1791 1075 1871 supervenerunt
1097 1791 1134 1852 et
1157 1787 1313 1872 plurimis

139 1876 321 1959 prostratis
344 1879 497 1940 caeteros
520 1877 558 1939 in
573 1878 746 1958 quandam
769 1875 1060 1940 munitiunculam
1081 1875 1206 1960 fugere
1230 1897 1313 1941 com·

139 1963 315 2047 pulerunt,
339 1963 508 2047 frugibus,
534 1985 618 2048 quas
639 1967 941 2048 congregaverant,
965 1964 1122 2029 sublatis.
1159 1963 1313 2048 Cumque

140 2052 202 2115 diu
217 2051 346 2116 obsessi
370 2055 406 2116 et
428 2051 521 2117 fame
541 2053 683 2136 fatigati
698 2074 839 2118 manum
855 2072 1032 2117 conserere
1048 2073 1119 2116 non
1135 2054 1312 2129 auderent,

139 2144 242 2205 nocte
265 2141 413 2223 quadam
435 2140 521 2224 fuga
544 2141 632 2225 lapsi
655 2145 746 2205 sunt.

248 2223 431 2294 (ivotafridd
457 2223 727 2307 *Nordmannus,
749 2230 808 2313 qui
824 2229 1032 2293 christianus
1048 2228 1196 2294 effectus
1211 2229 1379 2298 fideman

138 2317 339 2401 imperatori
369 2321 405 2382 et
435 2318 624 2382 christiano
654 2317 782 2402 populo
811 2337 847 2382 se
870 2320 1086 2382 servaturum
1109 2336 1184 2382 esse
1208 2337 1312 2382 sacra·

139 2410 257 2471 mento
281 2406 440 2484 firmavit,
465 2407 569 2471 fidem
591 2408 759 2471 mentitus
775 2406 963 2470 exercitum
985 2425 1056 2470 non
1073 2406 1249 2469 modicum
1272 2407 1312 2471 de

139 2514 203 2557 sua
225 2499 330 2577 gente
354 2496 576 2578 congregavit
600 2498 635 2559 et
658 2516 720 2578 per
738 2495 874 2559 alveum
888 2494 1003 2558 Rheni
1025 2494 1177 2557 fluminis
1202 2515 1313 2559 ascen·

140 2583 221 2647 dere
246 2586 281 2646 et
304 2583 454 2666 plurima
477 2583 553 2648 loca
568 2603 650 2647 suae
667 2583 794 2648 dicioni
810 2582 994 2665 subiugare
1011 2582 1196 2666 disposuit;
1222 2584 1313 2666 quod

77 2692 130 2734 ma
140 2670 223 2733 dum
238 2690 355 2735 mense
370 2672 464 2734 Maio
481 2671 596 2736 facere
619 2672 836 2748 instituisset,
860 2670 936 2735 Deo
958 2675 1127 2735 renuente
1150 2672 1313 2754 perficere

138 2778 210 2820 non
232 2759 358 2841 potuit.
404 2758 495 2822 Nam
518 2760 561 2825 ab
585 2760 787 2824 Heimricho
817 2759 961 2842 aliisque
988 2758 1149 2823 fidelibus
1171 2760 1313 2843 impera·

139 2846 225 2909 toris
241 2847 285 2909 ad
302 2845 533 2929 colloquium¹
547 2848 714 2912 invitatus
737 2851 773 2912 et
795 2847 1012 2911 infidelitatis
1028 2851 1215 2932 correptus,
1236 2867 1313 2910 cum

139 2953 198 2996 eos
222 2933 380 2997 convitiis
403 2934 573 3017 variisque
603 2935 761 3000 ludibriis
786 2935 1015 3012 exacerbaret,
1045 2936 1177 3000 occisus
1202 2939 1314 3001 estet

139 3041 267 3097 omnes,
292 3022 351 3104 qui
374 3042 453 3085 cum
475 3022 537 3086 illo
561 3027 669 3100 erant,
694 3023 842 3089 Domino
866 3024 919 3087 illi
940 3025 1146 3107 condignam
1169 3024 1314 3089 infideli·

138 3110 223 3174 tatis
247 3129 329 3175 suae
352 3112 545 3176 mercedem
567 3112 790 3178 retribuente.

246 3198 462 3264 Nordmanni
497 3203 613 3264 autem
648 3201 692 3265 ab
727 3221 767 3267 eo
802 3201 941 3265 invitati
974 3200 1181 3278 nescientes,
1222 3201 1313 3284 quod

138 3288 272 3352 factum
296 3292 380 3366 erat,
405 3290 441 3351 in
458 3288 640 3353 Saxoniam
663 3291 866 3373 praedatum
889 3290 939 3353 ire
958 3288 1164 3373 pergebant;
1189 3290 1313 3372 quibus

140 3397 218 3440 cum
241 3378 343 3461 pauci
367 3377 516 3442 Saxones
546 3379 774 3443 occurrissent
804 3381 840 3442 et
867 3381 989 3442 tantae
1019 3376 1239 3441 multitudini
1265 3397 1314 3442 re·

139 3463 271 3529 bellare
293 3466 500 3544 timuissent,
525 3469 624 3549 terga
646 3469 834 3530 verterunt.
881 3467 929 3529 At
952 3466 1006 3529 illi
1029 3465 1133 3548 longo
1156 3467 1270 3549 spatio
1294 3486 1314 3529 a

139 3554 209 3617 suis
240 3554 384 3618 navibus
413 3555 550 3631 remoti,
586 3555 762 3637 fugientes
794 3555 965 3639 persecuti
995 3557 1090 3632 sunt,
1126 3555 1226 3636 quasi
1257 3574 1314 3618 eos

139 3645 254 3706 essent
278 3643 567 3726 comprehensuri.
613 3643 755 3708 Interea
770 3643 951 3720 Frisiones,
976 3643 1034 3725 qui
1057 3645 1227 3707 vocantur
1249 3642 1314 3707 De

139 3730 375 3807 starbenzon2,
407 3731 505 3813 quasi
529 3752 549 3794 a
572 3731 721 3796 Domino
745 3731 909 3796 destinati
932 3730 1175 3815 parvissimis0,
1199 3735 1242 3794 ut
1265 3731 1314 3796 eis

138 3820 192 3880 est
208 3819 431 3894 consuetudo,
456 3819 623 3883 naviculis
638 3820 730 3884 vecti
753 3822 1025 3904 supervenerunt
1048 3823 1085 3884 et
1105 3838 1162 3883 eos
1178 3839 1200 3882 a
1214 3822 1314 3902 tergo

138 3905 332 3987 inpugnare
362 3910 559 3988 coeperunt.
613 3906 714 3986 Quod
745 3929 823 3973 cum
852 3908 1028 3985 vidissent,
1061 3907 1222 3985 Saxones,
1255 3908 1314 3990 qui

138 3993 233 4074 prius
256 3992 429 4074 fugerant,
456 3996 583 4059 reversi
607 4001 688 4060 sunt
712 4001 747 4061 et
771 3998 922 4080 graviter
945 3997 993 4061 eis
1015 3997 1243 4080 repugnando
1266 3997 1314 4059 in-

138 4166 161 4211 a)
175 4161 304 4204 audatiores
319 4166 365 4208 cod.
406 4165 858 4219 h)Dcccnxxxl11.coc.(ct‚a.aea).
899 4171 920 4218 c)
933 4167 1097 4218 haspannlcum
1113 4169 1158 4210 cod.
1200 4166 1224 4216 d)
1239 4165 1316 4209 Goda-

138 4215 185 4256 frid
199 4218 245 4260 cod.
300 4220 321 4266 e)
336 4219 475 4268 pravissimis
490 4221 535 4263 cod.

138 4338 166 4405 1)
182 4339 218 4390 In
236 4342 327 4393 incula
340 4343 521 4406 Batavorum
539 4345 574 4408 cf.
587 4344 681 4410 Regin.
700 4344 756 4400 chr.
775 4347 836 4400 885.
908 4345 936 4412 2)
953 4345 1058 4397 Incolae
1072 4344 1142 4411 pagi
1159 4343 1315 4396 Testerbcnt

137 4411 279 4478 (Saland)
298 4413 335 4464 ad
352 4413 474 4464 Rhenum
492 4421 516 4466 et
533 4415 642 4468 librum
661 4416 748 4467 locum
766 4417 821 4470 aiii.
849 4416 879 4470 P.
