2978 4934
387 439 536 498 CONTIN.
554 439 758 499 RATISBON.
793 441 829 499 A.
848 446 999 500 887-889.
1226 448 1278 502 117

213 621 354 686 Italiam
371 624 530 706 equidem
546 643 625 686 cum
641 623 793 687 exercitu
817 623 958 706 aggredi
980 625 1054 706 regi
1070 625 1276 709 conplacuit,
1287 649 1368 697 (uos).

106 713 168 776 sed
197 712 438 795 Perangarius,
475 712 534 794 qui
563 731 747 795 parumper
777 715 880 775 antea
910 731 988 775 cum
1010 713 1152 778 Witone
1183 715 1278 778 dimi·

106 800 211 864 cans1
227 804 387 865 cruenter
401 804 558 884 tyranno,
575 801 641 863 hoc
656 819 874 884 praecavens,
893 819 938 864 ne
954 801 1118 863 Italicum
1133 822 1278 884 regnum

106 909 185 952 cum
199 893 272 953 tam
286 889 402 952 valida
417 909 523 952 manu
537 889 750 971 ingressum³
769 908 948 972 perperam
963 892 1149 972 pateretur,
1166 891 1277 954 missis

105 981 187 1042 ante
211 997 247 1041 se
270 976 482 1060 principibus
513 977 592 1054 suis,
623 977 697 1059 ipse
720 995 800 1040 vero
825 977 950 1061 oppido
974 977 1182 1041 Tarentino²
1203 979 1277 1062 regi

105 1086 141 1130 se
172 1066 413 1149 praesentavit.
461 1064 513 1129 Ob
537 1066 572 1128 id
596 1084 677 1147 ergo
701 1069 737 1129 et
760 1085 780 1128 a
802 1085 882 1147 rege
911 1069 964 1129 est
994 1064 1182 1130 clementer
1208 1087 1277 1130 sus·

106 1157 235 1237 ceptus,
261 1154 379 1236 nilque
404 1154 436 1217 ei
459 1153 662 1235 antequisiti
683 1154 783 1235 regni
806 1153 1034 1230 abstrahitur;
1060 1155 1278 1238 excipiuntur

105 1246 219 1305 curtes
252 1241 390 1306 Navum
424 1246 460 1306 et
495 1241 654 1324 Sagumss.
712 1240 887 1305 Exercitui
925 1242 1043 1324 itaque
1077 1263 1148 1306 non
1180 1264 1276 1307 mora

104 1331 240 1394 licitum
270 1334 344 1394 erat
374 1331 514 1394 domum
543 1330 721 1394 redeundi.
766 1330 841 1393 Rex
870 1334 987 1394 autem
1014 1331 1131 1414 paucis
1159 1351 1275 1395 secum

104 1419 287 1502 assumptis
316 1418 443 1481 Forum
466 1418 619 1482 Iuliense
649 1421 835 1502 penetrans
866 1422 999 1482 curtem
1022 1417 1276 1483 Oorontanam4

103 1507 221 1570 natale
250 1507 392 1570 Domini
423 1506 620 1571 celebravit.
671 1507 783 1570 Tanta
811 1527 959 1590 namque
988 1508 1025 1569 in
1054 1507 1122 1571 isto
1151 1509 1275 1572 itinere
1285 1532 1380 1574 neers.

104 1595 336 1659 consternatio
361 1596 562 1677 equinorum
586 1596 792 1659 cadaverum
807 1595 857 1672 fit,
881 1596 994 1659 utrix
1008 1616 1172 1678 umquam
1193 1596 1274 1661 talis

103 1684 178 1747 fieri
200 1685 364 1747 memoria
386 1684 589 1748 mortalibus
612 1684 781 1746 traditum
803 1684 859 1747 sit.

648 1835 726 1906 889.

210 1947 588 2012 DOOOLXXXVIIII.
657 1947 859 2011 Liutbertus
904 1947 1130 2034 Magontinae
1179 1949 1273 2014 urbis

102 2037 228 2100 nobilis
253 2037 528 2120 archiepiscopus
552 2035 595 2100 ab
618 2037 684 2099 hac
707 2037 780 2100 rita
802 2036 974 2119 migravit.
1011 2035 1116 2100 Onius
1135 2036 1274 2101 vivendi
1284 2061 1358 2110 (rest,
1366 2063 1399 2109 u)

103 2126 186 2190 ordo
210 2125 304 2208 quali
326 2125 500 2209 probitate
523 2129 688 2201 maneret,
712 2144 774 2208 per
792 2125 907 2189 omnia
929 2124 1072 2207 longum
1095 2129 1148 2188 est
1171 2123 1272 2208 expli·

103 2233 190 2277 care.
224 2214 354 2277 Tamen
377 2213 460 2277 licet
483 2233 602 2296 pauca,
627 2214 665 2275 in
685 2213 891 2295 quibusdam
906 2212 1102 2277 versiculis⁵
1123 2212 1273 2278 breviter

102 2303 319 2385 expediatur:

190 2391 323 2473 Largus
347 2393 421 2454 erat
443 2389 603 2466 multum,
627 2389 766 2472 paciens
789 2389 1006 2471 humilisque,
1031 2388 1210 2471 benignus,

237 2478 404 2542 Omnibus
429 2478 623 2562 exemplum
644 2478 682 2539 in
705 2476 861 2541 bonitate
885 2496 1042 2553 manens;

191 2567 312 2630 Hister
335 2587 403 2649 qua
425 2567 542 2629 fluitat
565 2566 672 2629 currit
695 2564 903 2647 Hrennsque
926 2565 1075 2630 bicornis
1084 2564 1106 2642 ⁶,

234 2655 414 2719 Litterulis
439 2655 548 2718 doctis
572 2655 705 2718 doctior
726 2653 788 2717 ille
810 2654 889 2717 fuit.

209 2742 320 2807 Grave
343 2744 450 2826 igitur
472 2746 609 2826 tempus
628 2744 693 2805 hoc
709 2763 799 2806 anno
815 2742 1005 2805 incanduit.
1039 2741 1131 2805 Nam
1146 2741 1272 2806 Italica

100 2832 207 2897 febris
223 2833 401 2896 tussiendo
416 2830 643 2915 perplurimos
658 2831 815 2908 vexabat,
839 2831 1081 2894 inundationes
1105 2850 1272 2914 aquarum

100 2921 178 3004 plus
209 2921 310 2984 solito
335 2939 522 2996 excrevere,
554 2918 670 2983 civilia
699 2918 793 2984 bella
823 2920 1085 3002 circumquaque
1114 2919 1270 3002 regiones

101 3012 381 3091 conquassantur,
406 3008 606 3092 pestilentia
629 3008 773 3092 sparsim
796 3028 835 3071 ac
858 3009 967 3072 fames
983 3009 1163 3091 inopinata
1177 3008 1271 3071 ultra

99 3098 241 3159 modum
256 3097 424 3160 incubuit.
460 3095 636 3161 Grandine
651 3116 732 3160 vero
756 3097 912 3160 contritis
935 3096 1093 3179 frugibus
1108 3095 1270 3160 mortales

100 3236 123 3282 a)
136 3234 245 3282 igressum
259 3234 278 3276 3.

101 3340 128 3405 1)
145 3340 242 3404 Pupno
256 3355 340 3407 prope
358 3340 487 3391 Brixiam
512 3341 584 3390 circo
608 3355 720 3392 mensem
740 3339 873 3391 Octobrem
895 3339 1052 3400 ceremiam
1076 3339 1111 3401 cf.
1130 3338 1271 3389 Drtmmler

100 3410 156 3475 III,
180 3428 208 3477 p.
228 3412 281 3464 324
298 3426 336 3476 sq.
426 3410 454 3478 2)
477 3410 501 3465 Ι.
520 3426 540 3464 e.
563 3411 733 3469 Tridentino;
759 3425 824 3460 eom
846 3409 985 3472 arnulfus
1008 3415 1064 3459 tum
1088 3410 1119 3459 in
1137 3409 1271 3460 Baioaria

99 3482 266 3536 mactetur.
293 3481 324 3534 P.
409 3481 436 3547 3)
452 3481 539 3533 Locus
556 3481 690 3548 explicatu
708 3480 840 3545 difficilis,
860 3481 904 3530 cui
920 3493 965 3530 neo
983 3479 1095 3530 editores
1111 3494 1157 3531 aec
1175 3479 1270 3530 testeo

99 3552 202 3618 praphi
220 3553 301 3603 iucem
319 3552 483 3616 offuderunt.
520 3552 626 3604 Nasum
644 3567 835 3618 amnenquom
849 3565 903 3617 pro
921 3550 1043 3615 strepeto
1060 3549 1152 3602 diebu
1169 3549 1271 3613 festivis

99 3637 164 3688 equo
189 3624 314 3689 imposito
335 3630 495 3690 usurpatur,
519 3623 685 3688 Berenpario
703 3624 790 3688 ipitiir
806 3637 919 3687 repeum
936 3637 967 3673 ea
985 3621 1132 3672 verditione
1148 3619 1270 3671 relictum

99 3709 152 3744 esse
170 3695 325 3759 existimem,
344 3700 374 3744 ut
386 3694 498 3759 Araulfi
515 3695 700 3746 senescallum
715 3694 896 3760 profiteretur.
926 3691 1067 3743 Vassollus
1083 3693 1153 3742 enim
1171 3691 1271 3753 suedos

99 3765 211 3829 (times)
230 3780 248 3814 a
266 3765 373 3816 domim
389 3766 485 3832 accipit
507 3766 579 3831 eique
597 3780 622 3816 se
641 3764 828 3828 festivitatibus
845 3769 869 3816 et
884 3763 994 3829 placitis
1017 3763 1111 3826 (novo)
1137 3776 1216 3826 oeque
1239 3777 1270 3812 oo

98 3835 213 3885 miiitiae
225 3837 316 3901 (sepo)
332 3842 461 3902 paratum
477 3835 599 3886 exhibere
610 3836 688 3889 dedet.
716 3835 837 3886 Eandem
849 3835 1024 3886 coirditionem
1037 3832 1150 3884 Odoeem
1163 3831 1241 3882 Gaii·

98 3920 185 3970 repem
208 3907 319 3957 subiisse
337 3922 422 3973 supra
439 3907 555 3958 uidimus
572 3912 596 3958 et
613 3920 685 3957 anno
701 3907 764 3961 895.
788 3905 941 3959 uidebimus.
968 3904 999 3959 P.
1035 3904 1095 3969 Epo
1118 3905 1156 3954 eis
1180 3917 1270 3954 asseri·

99 3977 217 4027 tendum
235 3992 287 4028 esse
305 3978 502 4042 existima-qui
512 3977 618 4027 Nasum
634 3983 658 4028 et
670 3977 772 4042 Sapum
789 3977 898 4028 aomina
918 3975 1035 4027 lacrum
1053 3975 1137 4038 feisse
1154 3979 1270 4035 censent,-

98 4048 133 4110 ef.
152 4047 293 4098 Dimmier
310 4048 366 4112 III,
390 4065 418 4115 p.
438 4049 499 4102 325.
593 4049 621 4114 4)
645 4048 707 4099 Duo
725 4047 837 4112 Arauifi
862 4047 1010 4113 diplomata
1034 4051 1126 4096 estant
1150 4045 1216 4095 doto
1240 4045 1270 4094 in

100 4117 251 4169 Carentaeo
268 4119 311 4168 die
328 4119 371 4172 26.
391 4118 541 4170 Decembris
558 4117 640 4169 huius
657 4119 726 4169 anei
749 4117 939 4184 (Miibibeober
958 4115 1035 4170 1759.
1056 4116 1148 4179 1760).
1181 4114 1210 4168 V.
1230 4114 1269 4168 ol.

97 4188 147 4242 Fr.
166 4188 235 4242 Xoo.
254 4188 380 4240 Richtero
404 4190 433 4239 iri
457 4189 555 4240 litteris
575 4189 612 4239 od
630 4204 670 4240 me
687 4189 760 4239 dotis
777 4189 906 4253 referente
924 4186 1049 4252 hodieque
1067 4186 1142 4237 houd
1160 4186 1234 4250 lonpe
1252 4202 1269 4236 a

98 4259 283 4322 Klopeeferto
303 4260 405 4311 aditus
422 4257 573 4326 Karnburg
597 4265 678 4324 extet,
702 4260 826 4326 proxime
850 4273 973 4324 campum
994 4255 1057 4307 Zol-
1079 4258 1132 4308 sive
1149 4253 1270 4308 saalfeld

98 4330 289 4394 (Mariosaal).
318 4330 349 4384 P.
386 4330 429 4393 Of.
447 4331 588 4382 Drtmmier
605 4330 661 4396 III,
681 4347 710 4397 p.
730 4331 791 4384 329.
864 4328 891 4394 5)
910 4328 980 4392 Quos
996 4327 1080 4379 edidit
1097 4328 1177 4379 etiam
1195 4323 1272 4390 Joffe

98 4400 239 4467 (Biblioth.
258 4416 313 4455 rer.
334 4402 422 4456 Germ.
441 4401 497 4468 III,
513 4417 544 4468 p.
557 4402 631 4465 717).
704 4401 736 4467 6),
749 4400 792 4465 Cf.
811 4400 876 4455 Aen.
894 4398 972 4464 VIII,
992 4399 1052 4452 727.
