2978 4934
178 393 231 448 110
524 387 734 443 ANNAHUM
751 386 1003 444 FULDENSIUM

178 573 249 638 alia
271 572 368 636 Wito
399 589 511 636 comes
534 569 804 634 Tuscianorum¹
832 590 910 636 reus
937 571 1128 636 maiestatis
1157 575 1347 649 accusatur,

178 662 271 744 quod
293 660 354 724 ille
376 659 544 744 profugus
567 659 686 723 evasit.
733 658 801 723 Sed
823 662 943 724 tamen
965 659 1027 723 illa
1049 659 1135 742 fuga
1154 663 1268 725 totam
1284 660 1349 726 Ita·

178 749 282 813 licam
296 752 425 814 terram
439 748 563 812 timore
580 747 762 824 concussit,
787 748 868 830 quia
885 748 1005 812 statim
1019 768 1126 812 manu
1141 768 1222 812 cum
1236 749 1349 814 valida

178 837 362 921 gentilium
392 838 435 901 de
464 839 569 919 gente
591 836 866 898 Mauritanorum
893 835 1013 901 federa
1039 836 1184 900 firmiter
1206 838 1348 921 pepigit.

178 926 405 1008 Perangarius
435 944 515 990 vero
546 924 820 1006 consanguineus
855 924 1092 1007 imperatoris²
1123 925 1279 989 mittitur
1307 927 1349 990 od

177 1013 423 1098 expoliandum
459 1032 605 1096 regnum
638 1012 806 1090 Witonis;
848 1014 940 1095 quod
973 1012 1034 1077 ille
1068 1014 1219 1096 quadam
1251 1018 1349 1098 parte

176 1103 325 1186 peregit,
351 1122 393 1166 ex
415 1102 565 1184 quadam
587 1101 788 1185 peregisset,
812 1101 850 1164 ni
872 1120 935 1184 per
962 1101 1218 1186 corruptionem
1241 1102 1350 1167 morbi

178 1210 217 1255 ac
241 1191 479 1254 infirmitatem
502 1188 671 1255 exercitus
695 1189 748 1253 sui
770 1192 969 1254 reverteret.
1015 1189 1132 1253 Etiam
1154 1210 1217 1274 per
1239 1194 1350 1256 totam

177 1278 320 1343 Italiam
335 1280 527 1342 humanum
542 1297 650 1361 genus
665 1278 717 1342 ita
732 1277 966 1342 invalescente
981 1278 1100 1343 morbo
1116 1277 1348 1362 affligebatur,

176 1371 217 1431 ut
237 1368 274 1430 in
294 1371 427 1431 curtem
447 1370 482 1431 et
502 1367 594 1430 inter
613 1366 775 1430 militiam
789 1365 845 1430 vel
864 1367 979 1450 ipsum
993 1386 1110 1450 regem
1125 1368 1189 1431 hec
1213 1368 1349 1433 miseria

201 1456 381 1520 erveniret.

177 1478 200 1539 p
284 1544 417 1607 Iterum
446 1543 538 1608 inter
564 1542 764 1626 Popponem
791 1546 827 1607 et
848 1542 1041 1626 Eginonem
1071 1543 1243 1608 discordia
1272 1564 1349 1608 cum

177 1630 425 1696 crudelibello
449 1634 648 1715 concrepat;
680 1650 824 1714 quorum
847 1630 975 1715 Poppo,
1006 1634 1109 1715 prout
1139 1635 1244 1697 antea
1267 1632 1349 1697 sole·

177 1720 248 1798 bat,
272 1720 416 1785 inferior
438 1719 565 1785 extitit.

285 1802 502 1886 Heim‘dcus,
525 1807 635 1873 frater
657 1808 830 1891 Popponis
853 1807 995 1885 sufficet,
1020 1827 1099 1872 cum
1113 1806 1431 1881 Nordmannoosa.

177 1918 254 1959 rum
276 1917 416 1964 manum
432 1897 584 1962 validam
599 1896 775 1960 Prumiam
797 1897 914 1960 venire
938 1896 1124 1979 cognoscit,
1147 1917 1257 1980 usque
1281 1918 1347 1976 eos,

176 1988 217 2048 ut
241 1985 370 2062 dicunt,
401 1985 499 2049 nullo
529 1986 698 2050 evadente
723 2005 801 2049 cum
824 1985 916 2049 suis⁸
943 1986 987 2049 ad
1009 1985 1273 2050 internitionem
1296 1988 1348 2051 de·

176 2073 278 2152 levit3
303 2077 339 2138 et
361 2073 422 2138 ille
445 2094 525 2139 vero
548 2073 751 2138 vulneratus
774 2074 892 2138 evasit.

724 2243 802 2314 884.

283 2356 628 2422 DOOOLXXXIIII.
688 2357 838 2420 Reverso
880 2357 924 2420 ad
961 2355 1206 2444 Alamanniam
1243 2350 1344 2440 regeb

74 2446 335 2516 (reor.).habitum
365 2450 418 2510 est
446 2445 485 2508 in
513 2445 606 2522 villa,
639 2464 726 2528 quae
752 2444 880 2508 dicitur
904 2443 1218 2529 oholonpmm⁰·⁸‚
1249 2465 1348 2528 gene·

174 2534 247 2599 rale
272 2538 489 2599 conventum.
535 2533 623 2598 Inde
651 2533 804 2597 edictum
828 2537 881 2598 est
903 2532 1110 2598 Baiouarios
1139 2535 1183 2598 ad
1208 2533 1349 2598 Italiam

175 2627 296 2687 contra
318 2622 496 2687 Witonem
518 2622 687 2704 belligera
709 2641 815 2684 manu
838 2622 1062 2704 proficiscere.

282 2709 417 2795 Quippe
432 2711 613 2774 Pannonia
628 2728 791 2792 magnum
807 2711 1054 2774 detrimentum
1075 2710 1224 2794 patitur;
1250 2711 1348 2774 cuius

174 2800 225 2863 rei
247 2800 340 2863 unde
364 2800 540 2863 exordium
562 2802 724 2863 narratur
747 2798 978 2883 assumpsisse,
1010 2799 1090 2862 stilo
1114 2798 1347 2863 enucleamus.

175 2887 289 2970 Igitur
312 2906 391 2950 cum
415 2889 483 2951 duo
505 2887 641 2964 fratres,
666 2886 902 2952 Willihalmus
926 2891 963 2951 et
985 2886 1259 2970 Engilscalchus
1282 2890 1347 2951 ter·

174 2976 307 3038 minum
335 2976 435 3057 regni
458 2975 726 3039 Baiowariorum
754 2976 792 3039 in
820 2977 952 3041 oriente
979 2996 1001 3039 a
1027 2995 1118 3058 rege,
1148 2975 1185 3039 id
1216 2979 1270 3040 est
1300 2995 1347 3041 se

173 3064 271 3127 niore
294 3063 508 3141 Hludowicu
541 3083 740 3128 concessum
764 3067 885 3127 contra
906 3059 1131 3128 Maravanos‘l
1157 3067 1348 3129 tenuerunt

173 3151 353 3235 multaque
382 3173 444 3237 pro
466 3153 580 3235 patria
602 3153 734 3216 tuenda
757 3152 987 3216 conflictando
1011 3153 1151 3217 sudasse
1173 3153 1344 3230 feruntur,

99 3242 316 3310 (su).tandem
340 3241 431 3305 diem
452 3240 616 3305 ultimum
638 3241 742 3305 huius
765 3242 852 3305 aeris
875 3242 913 3303 in
933 3241 1051 3305 eadem
1068 3240 1250 3305 voluntate
1273 3241 1346 3304 fini-

172 3350 252 3395 vere
276 3333 516 3415 permanentes
525 3328 547 3406 4,
571 3351 643 3393 non
657 3349 737 3394 vero
761 3334 851 3394 esset
874 3331 985 3392 honor
1007 3327 1147 3391 illorum
1169 3328 1250 3392 filiis
1273 3330 1346 3394 red·

173 3419 277 3496 ditus,
302 3419 396 3483 Arbo
425 3419 482 3483 ine
518 3419 720 3482 comitatum
749 3419 875 3482 domno
904 3410 1005 3501 regel
1034 3417 1244 3481 concedente
1275 3438 1346 3482 suc-

173 3509 285 3572 cessit.
343 3506 444 3586 Quod
482 3508 737 3591 praedictorum
774 3506 926 3570 virorum
963 3505 1100 3590 pueruli
1138 3505 1346 3588 illorumque

172 3597 356 3681 propinqui
378 3597 415 3660 in
431 3597 642 3661 contrarium
665 3595 872 3678 accipientes
895 3594 951 3659 vel
967 3592 1160 3659 vertentes⁵
1183 3594 1346 3659 dixerunt

172 3685 379 3750 alterutrum
409 3685 492 3762 fieri,
521 3684 577 3749 vel
605 3683 780 3748 Arbonem
810 3684 979 3759 comitem,
1011 3683 1040 3746 si
1069 3702 1139 3746 non
1168 3684 1346 3748 recederet

171 3875 194 3920 a)
207 3874 264 3912 inter
278 3874 324 3913 suis
338 3878 358 3911 et
372 3871 401 3912 ad
415 3885 482 3912 unum
496 3874 623 3913 vocabulum
636 3884 724 3913 erocum
737 3874 757 3916 3.
840 3873 863 3920 1))
877 3871 925 3922 regi
939 3872 958 3915 3.
1037 3871 1058 3923 c)
1072 3871 1230 3921 cholonpurun
1243 3873 1269 3922 33
1288 3883 1346 3915 corr,

172 3927 292 3968 Dammler.
346 3924 370 3974 d)
384 3937 516 3966 marauonos
531 3929 551 3969 3,
605 3929 626 3974 e)
641 3927 697 3966 deest
711 3926 730 3969 3.

174 4066 199 4132 1)
216 4067 283 4118 Dux
301 4063 416 4133 Spoleti(
497 4068 525 4134 2)
549 4069 732 4133 Bercnqarius
755 4068 876 4120 marchio
900 4067 1105 4132 Foroiuliensis,
1131 4067 1179 4132 qui
1201 4081 1235 4117 ecc
1259 4073 1346 4119 matre

173 4138 264 4189 Gisclu
282 4153 362 4204 nepos
379 4138 517 4190 Dudows'cc'
533 4139 579 4190 Pii
597 4141 767 4205 imperatoris
784 4146 852 4193 erut.
924 4140 951 4205 3)
968 4139 1102 4200 Kolmur,·
1127 4136 1269 4188 Dammler
1288 4137 1344 4202 III,

169 4225 198 4274 p.
216 4210 279 4262 221.
351 4208 379 4275 4)
397 4209 439 4273 Cf.
458 4225 542 4276 supra
560 4226 586 4262 a.
605 4211 668 4264 871.
740 4210 767 4276 5)
785 4210 869 4261 Verba
886 4208 931 4261 vel
949 4212 1086 4261 vertentes
1105 4209 1161 4260 voci
1178 4205 1345 4275 accipientes

171 4278 206 4329 ab
228 4285 335 4331 amore
357 4283 533 4348 superposito,
560 4287 584 4333 ct
601 4297 619 4332 a
637 4281 733 4332 scribis
750 4283 854 4332 mrem
872 4280 958 4331 textui
974 4281 1055 4331 illota
1073 4295 1126 4331 esse
1143 4279 1276 4345 videntur,
1304 4282 1344 4331 ito

170 4355 195 4400 ct
213 4350 243 4400 in
261 4352 425 4416 repitentibus
442 4351 485 4405 vel
503 4351 632 4421 genitalia
650 4354 706 4404 coci
722 4349 841 4404 verenda
859 4357 904 4404 etc.
931 4351 962 4404 P.
