2978 4934
169 392 205 447 ss
447 388 537 444 nnn.
556 388 666 446 runo.
686 388 786 444 Pras
804 388 860 447 111.
877 388 1068 459 (moscus.)

46 572 297 636 (Anr.10›.Walah
313 572 516 696 Metltensisl
536 572 714 656 episcopus
733 572 873 637 incaute
897 593 975 637 cum
997 572 1116 657 paucis
1141 573 1340 639 occurrensl

169 661 299 725 occisus
324 664 376 725 est
407 706 415 721 .

275 749 426 814 Karolus
455 749 642 833 imperator
672 749 791 813 audito
820 749 939 814 fratris
969 751 1023 812 sui
1046 749 1146 814 obitu
1169 751 1213 815 de
1237 751 1340 815 Italia

168 838 319 922 perrexit
334 838 371 901 in
387 837 604 902 Baioariam2
627 841 662 901 et
678 838 873 921 optimates,
898 839 956 921 qui
978 839 1130 902 fuerant
1142 839 1263 903 fratris
1279 840 1338 916 sui,

81 941 158 988 (Mau.
168 928 213 990 ad
235 947 272 990 se
295 926 473 990 venientes
496 926 534 988 in
557 946 658 990 suum
681 927 832 1009 suscepit
856 927 1056 990 dominium.
1095 927 1232 992 Deinde
1248 927 1340 992 Wor·

166 1015 311 1078 matiam
333 1015 475 1079 veniens
506 1035 585 1078 cum
614 1014 684 1078 suis
714 1015 867 1097 undique
890 1013 1110 1079 venientibus
1141 1015 1340 1081 consiliatus

167 1107 230 1181 est,
262 1103 432 1187 quomodo
455 1101 695 1167 Nordmannos
726 1104 769 1167 de
799 1122 861 1166 suo
891 1123 999 1185 regno
1022 1102 1223 1187 expelleret.
1271 1104 1339 1169 Sta·

165 1195 245 1256 tuto
268 1193 387 1274 itaque
409 1195 446 1256 et
470 1192 629 1256 condicto
658 1191 751 1255 inter
781 1211 838 1255 eos
860 1195 1015 1275 tempore
1040 1196 1277 1256 convenerunt
1300 1194 1339 1257 de

167 1280 309 1345 diversis
340 1280 521 1363 provintiis
547 1280 613 1342 viri
641 1278 910 1344 innumerabiles
934 1283 970 1344 et
993 1279 1152 1344 omnibus
1182 1280 1339 1346 hostibus

166 1368 387 1445 formidandi,
419 1368 447 1431 si
478 1368 601 1433 ducem
630 1367 833 1432 habuissent
859 1368 1023 1432 idoneum
1045 1369 1179 1450 sibique
1204 1390 1339 1435 consen·

166 1457 323 1532 tientem‚
348 1457 414 1520 hoc
438 1459 491 1520 est
506 1455 640 1532 Franci,
665 1456 792 1533 Norici,
817 1456 1013 1534 Alamanni,
1031 1457 1215 1540 Thuringii
1238 1462 1339 1542 atque

168 1544 335 1621 Saxones;
375 1544 517 1627 parique
551 1544 746 1609 intentione
780 1544 928 1628 profecti
961 1549 1043 1609 sunt
1078 1548 1200 1609 contra
1233 1546 1339 1611 Nord-

166 1652 311 1695 mannos
334 1652 488 1716 pugnare
512 1633 701 1716 cupientes.
748 1631 824 1711 Quo
848 1653 927 1696 cum
948 1627 1208 1716 *pervenissent
1233 1636 1338 1698 muni·
1348 1655 1415 1706 usu.

166 1721 297 1784 tionem
320 1721 469 1798 illorum,
493 1741 581 1804 quae
604 1726 747 1786 vocatur
770 1721 952 1798 Aselohass,
978 1723 1200 1786 obsederunt.

91 1824 166 1872 dul-u
274 1807 429 1893 Cumque
462 1811 532 1873 iam
563 1811 792 1894 expugnanda
826 1813 916 1874 esset
949 1811 1096 1874 munitio
1128 1814 1163 1875 et
1193 1813 1245 1888 hi,
1282 1813 1338 1895 qui

166 1897 261 1961 intus
292 1902 400 1975 erant,
430 1898 554 1962 timore
584 1898 734 1982 perculsi
763 1902 910 1962 mortem
933 1919 969 1963 se
993 1899 1137 1965 evadere
1163 1920 1262 1983 posse
1287 1902 1338 1964 de-

167 1989 371 2069 sperassent,
396 1986 536 2068 quidam
560 2006 602 2051 ex
625 1987 828 2050 consiliariis
852 1988 990 2070 augusti
1013 1988 1153 2052 nomine
1176 1988 1339 2052 Liutwar·

166 2077 243 2137 tus⁰
277 2073 610 2158 pseudoepiscopus4
640 2076 783 2139 caeteris
814 2075 1032 2153 consiliariis,
1070 2077 1129 2157 qui
1159 2077 1252 2160 patri
1281 2078 1338 2140 im·

165 2164 333 2246 peratoris
363 2163 521 2228 assistere
545 2163 714 2240 solebant,
745 2164 985 2246 ignorantibus
1014 2165 1133 2229 iuncto
1158 2165 1224 2229 sibi
1247 2165 1339 2250 Wig-

165 2246 287 2316 berto‘1
320 2252 445 2316 comite
474 2251 794 2316 fraudulentissimo
824 2253 1067 2336 imperatorem
1103 2253 1190 2317 adiit
1226 2258 1262 2318 et
1296 2253 1338 2318 ab

165 2341 421 2424 expugnatione
451 2341 604 2405 hostium
632 2341 781 2424 pecunia
810 2345 1010 2425 corruptus⁰
1045 2342 1203 2419 deduxit,
1236 2346 1338 2425 atque

166 2428 388 2494 Gotafridum
418 2430 542 2494 ducem
571 2428 710 2492 illorum
733 2430 932 2512 imperatori
954 2431 1205 2513 praesentavit;
1238 2451 1338 2513 quern

6 2517 351 2601 anaaoaimperascr
380 2538 475 2583 more
502 2517 679 2582 Achabico
709 2517 806 2600 quasi
836 2519 984 2581 amicum
1014 2519 1165 2602 suscepit
1195 2522 1231 2583 et
1262 2539 1338 2582 cum

166 2625 206 2670 eo
236 2627 357 2690 pacem
385 2606 480 2683 fecit,
513 2606 603 2670 datis
632 2625 674 2670 ex
700 2609 846 2689 utraque
876 2610 975 2689 parte
1005 2606 1191 2671 obsidibus.
1239 2606 1337 2685 Quod

165 2693 381 2758 Nordmanni
411 2698 620 2778 acceperunt
649 2715 711 2778 pro
742 2695 871 2770 omine;
903 2698 938 2758 et
968 2699 1008 2758 ut
1037 2716 1105 2779 pax
1135 2714 1177 2759 ex
1198 2696 1337 2760 illorum

165 2785 263 2865 parte
285 2785 364 2846 rata
385 2803 456 2846 non
479 2782 708 2860 dubitaretur,
734 2782 883 2867 clipeum
905 2783 1003 2847 iuxta
1024 2803 1155 2848 morem
1178 2804 1279 2847 suum
1301 2785 1337 2847 in

165 2869 313 2935 sublime
347 2871 601 2953 suspenderunt
636 2874 672 2935 et
703 2875 820 2954 portas
855 2872 1057 2936 munitionis
1092 2865 1335 2956 aperueruntf.

164 2956 345 3021 Nostrates
369 2962 487 3021 autem
503 2958 704 3022 calliditatis
727 2959 867 3023 illorum
890 2964 1045 3044 expertes
1069 2961 1214 3025 eandem
1230 2962 1336 3024 muni·

164 3046 296 3109 tionem
327 3046 473 3128 ingressi
502 3049 597 3123 sunt,
634 3046 693 3109 alii
724 3047 863 3128 quidem
893 3069 995 3113 causa
1024 3050 1240 3131 negotiandi,
1277 3049 1336 3113 alii

164 3153 245 3198 vero
275 3154 337 3218 pro
367 3133 435 3198 loci
464 3134 628 3198 firmitate
660 3136 918 3201 consideranda.
970 3138 1019 3200 At
1046 3137 1262 3212 Nordmanni
1293 3139 1336 3201 ad

165 3226 365 3289 consuetam
398 3223 626 3288 calliditatem
655 3226 808 3289 conversi
839 3225 987 3309 clipeum
1021 3227 1115 3309 pacis
1146 3227 1334 3310 deponunt,

163 3442 186 3487 a)
204 3441 310 3480 metensis
327 3441 347 3482 2.
428 3441 450 3489 b)
469 3441 536 3479 codex
553 3441 566 3479 3
585 3441 662 3479 abhinc
675 3442 762 3489 perpit:
783 3439 922 3481 Nordmanni
941 3442 1036 3490 ereptis,
1056 3453 1112 3491 quas
1132 3446 1249 3490 poterant,
1269 3444 1336 3482 rebus

163 3494 193 3538 (a.
204 3494 268 3540 infra
277 3505 301 3541 p.
312 3494 374 3543 107);
387 3504 420 3542 ea,
435 3505 489 3543 puae
502 3499 626 3544 sequamur,
640 3504 705 3543 capue
719 3495 748 3532 acl
762 3495 836 3536 aest
851 3495 874 3532 in
888 3505 931 3533 uno
945 3496 1016 3534 codice
1029 3496 1041 3533 2
1056 3499 1148 3538 exstant.
1190 3495 1211 3543 c)
1226 3496 1337 3536 liutuuar-

164 3544 217 3585 dum
235 3548 294 3594 cod.;
314 3548 343 3594 ct.
352 3558 377 3595 p.
388 3548 426 3586 103
440 3551 459 3585 et
473 3548 519 3590 106.
600 3546 623 3598 d)
642 3547 761 3587 uuicberto
780 3548 840 3595 cod.,·
860 3549 889 3595 cf.
898 3559 923 3596 p.
934 3549 967 3596 94,
982 3560 1003 3590 n.
1014 3559 1031 3590 r.
1113 3551 1133 3596 e)
1153 3554 1271 3598 correptus
1291 3551 1336 3590 cod.

163 3600 182 3646 f)
195 3604 350 3650 apparuerunt
363 3602 409 3643 cod.

165 3785 191 3849 1)
214 3785 280 3836 Cum
305 3785 430 3848 Bertulfo
457 3785 653 3852 archiepiscopo
681 3787 834 3838 Treverensi
859 3793 883 3838 et
907 3786 1070 3839 Adaibardo
1097 3789 1188 3838 comite
1214 3788 1338 3840 Mettensi

163 3856 232 3921 Apr.
246 3858 288 3909 10.
310 3870 394 3922 prope
411 3855 520 3906 liernicb
538 3857 575 3906 ad
593 3857 732 3908 Mosellam
751 3864 843 3908 ametro
861 3858 1051 3909 Nordmannos
1068 3859 1214 3921 infeliciter
1228 3875 1337 3925 pupna-

162 3927 216 3986 uit,·
242 3926 382 3976 Dimmler
405 3925 460 3990 III,
483 3943 512 3993 p.
531 3927 591 3980 162.
684 3928 712 3993 2)
735 3928 796 3978 Huc
819 3944 901 3994 usque
924 3929 1004 3980 codes
1027 3929 1153 3980 amandae
1178 3932 1337 3982 recensionis

163 3995 349 4062 autoprapbus
373 3997 478 4047 muctar
499 3999 672 4063 pertinuisse,
701 4013 760 4048 cum
785 4005 879 4051 auctor
903 4001 1110 4051 continuationis
1134 4000 1337 4053 Ratisbonensis

163 4082 221 4117 cam
239 4067 393 4133 descripsit;
418 4084 441 4120 e.
460 4068 547 4130 iufra.
637 4067 664 4134 3)
681 4068 824 4134 Ascbloha,
849 4071 1047 4136 quatuordecim
1065 4086 1083 4121 a
1102 4070 1194 4121 Rheno
1215 4072 1337 4124 nullibus

163 4138 276 4202 distem,
302 4138 338 4187 ad
356 4137 461 4189 Mosam
486 4142 516 4188 in
537 4139 636 4189 uicinia
653 4138 748 4190 Leodii
764 4146 788 4189 et
809 4140 926 4192 Traiecti
950 4143 1003 4192 sita
1028 4147 1104 4203 erot;
1129 4141 1190 4191 inde
1209 4141 1337 4194 Strucc'us

163 4208 279 4273 Hasselt,
299 4207 440 4259 chronicon
460 4209 628 4260 Gottmicense
646 4209 739 4261 Eisloo
757 4211 900 4275 intellipit;
922 4213 1018 4275 forsan
1037 4213 1108 4263 locres
1126 4212 1163 4263 ad
1180 4214 1338 4276 continentes

163 4278 266 4329 Ascliae
283 4284 307 4330 et
325 4279 415 4330 Mosae
433 4280 512 4342 infru
525 4279 653 4331 Leodiurn
672 4282 845 4346 quaerendus,
865 4280 911 4332 loh
929 4285 997 4333 enim
1017 4283 1112 4334 silerum
1131 4284 1275 4348 significat.
1305 4286 1335 4339 P.

162 4348 190 4414 4)
207 4349 354 4416 Episcopus
377 4350 552 4402 Verceilensis.
