<?xml version="1.0" encoding="UTF-8"?>
<!DOCTYPE html PUBLIC "-//W3C//DTD XHTML 1.0 Transitional//EN"
    "http://www.w3.org/TR/xhtml1/DTD/xhtml1-transitional.dtd">
<html xmlns="http://www.w3.org/1999/xhtml" xml:lang="en" lang="en">
 <head>
  <title>
</title>
<meta http-equiv="Content-Type" content="text/html;charset=utf-8" />
  <meta name='ocr-system' content='tesseract 3.04.00' />
  <meta name='ocr-capabilities' content='ocr_page ocr_carea ocr_par ocr_line ocrx_word'/>
</head>
<body>
  <div class='ocr_page' id='page_1' title='image "./annalesfuldense00pertgoog_0052.png"; bbox 0 0 2978 4934; ppageno 0'>
   <div class='ocr_carea' id='block_1_1' title="bbox 155 1288 1213 1492">
    <p class='ocr_par' dir='ltr' id='par_1_1' title="bbox 155 1288 1213 1492">
     <span class='ocr_line' id='line_1_1' title="bbox 155 1288 1213 1366; baseline 0.004 -5"><span class='ocrx_word' id='word_1_1' title='bbox 155 1288 434 1362; x_wconf 83' lang='lat' dir='ltr'><strong>ANNALIUM</strong></span> <span class='ocrx_word' id='word_1_2' title='bbox 462 1289 752 1363; x_wconf 79' lang='lat' dir='ltr'>FULDENSIU</span> <span class='ocrx_word' id='word_1_3' title='bbox 753 1291 793 1362; x_wconf 92' lang='lat' dir='ltr'>M</span> <span class='ocrx_word' id='word_1_4' title='bbox 820 1290 948 1364; x_wconf 83' lang='lat' dir='ltr'><strong>PARS</strong></span> <span class='ocrx_word' id='word_1_5' title='bbox 976 1290 1213 1366; x_wconf 80' lang='lat' dir='ltr'>SECUNDA</span> 
     </span>
     <span class='ocr_line' id='line_1_2' title="bbox 570 1421 800 1492; baseline 0 -14"><span class='ocrx_word' id='word_1_6' title='bbox 570 1421 800 1492; x_wconf 69' lang='lat' dir='ltr'>(runnsnsm)</span> 
     </span>
    </p>
   </div>
   <div class='ocr_carea' id='block_1_2' title="bbox 441 1569 930 1745">
    <p class='ocr_par' dir='ltr' id='par_1_2' title="bbox 441 1569 930 1745">
     <span class='ocr_line' id='line_1_3' title="bbox 441 1569 930 1636; baseline 0.004 -2"><span class='ocrx_word' id='word_1_7' title='bbox 441 1569 655 1635; x_wconf 72' lang='lat' dir='ltr'><strong>AUCTORE</strong></span> <span class='ocrx_word' id='word_1_8' title='bbox 678 1570 930 1636; x_wconf 78' lang='lat' dir='ltr'>RUODOLFO</span> 
     </span>
     <span class='ocr_line' id='line_1_4' title="bbox 579 1689 783 1745; baseline 0.015 -4"><span class='ocrx_word' id='word_1_9' title='bbox 579 1689 614 1744; x_wconf 87' lang='lat' dir='ltr'>A.</span> <span class='ocrx_word' id='word_1_10' title='bbox 633 1692 783 1745; x_wconf 78' lang='lat' dir='ltr'>ses-sos.</span> 
     </span>
    </p>
   </div>
   <div class='ocr_carea' id='block_1_3' title="bbox 647 1846 725 1918">
    <p class='ocr_par' dir='ltr' id='par_1_3' title="bbox 647 1846 725 1918">
     <span class='ocr_line' id='line_1_5' title="bbox 647 1846 725 1918; baseline 0.013 -1"><span class='ocrx_word' id='word_1_11' title='bbox 647 1846 725 1918; x_wconf 85' lang='lat'><strong>838.</strong></span> 
     </span>
    </p>
   </div>
   <div class='ocr_carea' id='block_1_4' title="bbox 99 1959 1393 2910">
    <p class='ocr_par' dir='ltr' id='par_1_4' title="bbox 99 1959 1378 2750">
     <span class='ocr_line' id='line_1_6' title="bbox 207 1959 1332 2044; baseline 0.004 -21"><span class='ocrx_word' id='word_1_12' title='bbox 207 1960 425 2044; x_wconf 77' lang='lat' dir='ltr'>Imperatora</span> <span class='ocrx_word' id='word_1_13' title='bbox 463 1980 543 2023; x_wconf 84' lang='lat' dir='ltr'>vero</span> <span class='ocrx_word' id='word_1_14' title='bbox 577 1979 694 2024; x_wconf 88' lang='lat' dir='ltr'>mense</span> <span class='ocrx_word' id='word_1_15' title='bbox 727 1960 830 2023; x_wconf 90' lang='lat' dir='ltr'>Iunio</span> <span class='ocrx_word' id='word_1_16' title='bbox 859 1959 1064 2044; x_wconf 84' lang='lat' dir='ltr'>Noviomagi</span> <span class='ocrx_word' id='word_1_17' title='bbox 1099 1966 1271 2026; x_wconf 83' lang='lat' dir='ltr'>conventu</span> <span class='ocrx_word' id='word_1_18' title='bbox 1282 1986 1332 2028; x_wconf 77' lang='lat' dir='ltr'>nn</span> 
     </span>
     <span class='ocr_line' id='line_1_7' title="bbox 100 2048 1271 2132; baseline 0.001 -20"><span class='ocrx_word' id='word_1_19' title='bbox 100 2048 253 2130; x_wconf 83' lang='lat' dir='ltr'>generali</span> <span class='ocrx_word' id='word_1_20' title='bbox 283 2049 402 2112; x_wconf 87' lang='lat' dir='ltr'>habito</span> <span class='ocrx_word' id='word_1_21' title='bbox 433 2048 584 2112; x_wconf 83' lang='lat' dir='ltr'>consiliis</span> <span class='ocrx_word' id='word_1_22' title='bbox 614 2049 829 2131; x_wconf 87' lang='lat' dir='ltr'>quorundam</span> <span class='ocrx_word' id='word_1_23' title='bbox 862 2070 904 2112; x_wconf 83' lang='lat' dir='ltr'>ex</span> <span class='ocrx_word' id='word_1_24' title='bbox 933 2050 1138 2132; x_wconf 89' lang='lat' dir='ltr'>primoribus</span> <span class='ocrx_word' id='word_1_25' title='bbox 1168 2051 1271 2114; x_wconf 81' lang='lat' dir='ltr'>Fran·</span> 
     </span>
     <span class='ocr_line' id='line_1_8' title="bbox 101 2131 1270 2220; baseline 0.003 -21"><span class='ocrx_word' id='word_1_26' title='bbox 101 2157 217 2200; x_wconf 87' lang='lat' dir='ltr'>eorum</span> <span class='ocrx_word' id='word_1_27' title='bbox 250 2131 497 2219; x_wconf 82' lang='lat' dir='ltr'>adquiescensb</span> <span class='ocrx_word' id='word_1_28' title='bbox 531 2138 625 2220; x_wconf 84' lang='lat' dir='ltr'>pacti</span> <span class='ocrx_word' id='word_1_29' title='bbox 658 2137 909 2220; x_wconf 73' lang='lat' dir='ltr'><strong>conscriptione</strong></span> <span class='ocrx_word' id='word_1_30' title='bbox 939 2137 1163 2202; x_wconf 81' lang='lat' dir='ltr'>Hludowioo⁰</span> <span class='ocrx_word' id='word_1_31' title='bbox 1199 2139 1270 2203; x_wconf 91' lang='lat' dir='ltr'>filio</span> 
     </span>
     <span class='ocr_line' id='line_1_9' title="bbox 100 2225 1270 2310; baseline 0.003 -22"><span class='ocrx_word' id='word_1_32' title='bbox 100 2245 161 2288; x_wconf 90' lang='lat' dir='ltr'>suo</span> <span class='ocrx_word' id='word_1_33' title='bbox 183 2245 330 2307; x_wconf 79' lang='lat' dir='ltr'>regnum</span> <span class='ocrx_word' id='word_1_34' title='bbox 353 2226 574 2290; x_wconf 87' lang='lat' dir='ltr'>orientalium</span> <span class='ocrx_word' id='word_1_35' title='bbox 589 2225 809 2303; x_wconf 59' lang='lat' dir='ltr'>Remorum,</span> <span class='ocrx_word' id='word_1_36' title='bbox 834 2227 926 2309; x_wconf 90' lang='lat' dir='ltr'>quod</span> <span class='ocrx_word' id='word_1_37' title='bbox 949 2227 1043 2310; x_wconf 90' lang='lat' dir='ltr'>prius</span> <span class='ocrx_word' id='word_1_38' title='bbox 1060 2247 1137 2290; x_wconf 89' lang='lat' dir='ltr'>oum</span> <span class='ocrx_word' id='word_1_39' title='bbox 1152 2227 1270 2291; x_wconf 87' lang='lat' dir='ltr'>favore</span> 
     </span>
     <span class='ocr_line' id='line_1_10' title="bbox 101 2309 1271 2397; baseline 0.002 -20"><span class='ocrx_word' id='word_1_40' title='bbox 101 2314 173 2377; x_wconf 89' lang='lat' dir='ltr'>eius</span> <span class='ocrx_word' id='word_1_41' title='bbox 196 2315 321 2391; x_wconf 85' lang='lat' dir='ltr'>tenuit,</span> <span class='ocrx_word' id='word_1_42' title='bbox 352 2314 542 2378; x_wconf 86' lang='lat' dir='ltr'>interdixit.</span> <span class='ocrx_word' id='word_1_43' title='bbox 589 2314 656 2378; x_wconf 82' lang='lat' dir='ltr'>Ilio</span> <span class='ocrx_word' id='word_1_44' title='bbox 681 2318 797 2378; x_wconf 86' lang='lat' dir='ltr'>autem</span> <span class='ocrx_word' id='word_1_45' title='bbox 820 2309 1048 2397; x_wconf 67' lang='lat' dir='ltr'>intellegensd</span> <span class='ocrx_word' id='word_1_46' title='bbox 1076 2335 1118 2379; x_wconf 83' lang='lat' dir='ltr'>ex</span> <span class='ocrx_word' id='word_1_47' title='bbox 1140 2316 1271 2379; x_wconf 79' lang='lat' dir='ltr'>invidia</span> 
     </span>
     <span class='ocr_line' id='line_1_11' title="bbox 101 2402 1269 2487; baseline 0.003 -23"><span class='ocrx_word' id='word_1_48' title='bbox 101 2402 356 2465; x_wconf 79' lang='lat' dir='ltr'>consiliantium</span> <span class='ocrx_word' id='word_1_49' title='bbox 385 2403 493 2467; x_wconf 88' lang='lat' dir='ltr'>talem</span> <span class='ocrx_word' id='word_1_50' title='bbox 522 2403 675 2485; x_wconf 84' lang='lat' dir='ltr'>prodisse</span> <span class='ocrx_word' id='word_1_51' title='bbox 702 2403 910 2466; x_wconf 84' lang='lat' dir='ltr'>sententiam</span> <span class='ocrx_word' id='word_1_52' title='bbox 934 2403 1047 2466; x_wconf 83' lang='lat' dir='ltr'>edicto</span> <span class='ocrx_word' id='word_1_53' title='bbox 1070 2403 1269 2487; x_wconf 85' lang='lat' dir='ltr'>posthabito</span> 
     </span>
     <span class='ocr_line' id='line_1_12' title="bbox 99 2489 1378 2556; baseline 0.002 -3"><span class='ocrx_word' id='word_1_54' title='bbox 99 2490 170 2552; x_wconf 91' lang='grc' dir='ltr'>ΠΙ.</span> <span class='ocrx_word' id='word_1_55' title='bbox 194 2489 274 2553; x_wconf 88' lang='lat' dir='ltr'>Kal.</span> <span class='ocrx_word' id='word_1_56' title='bbox 298 2490 382 2554; x_wconf 87' lang='lat' dir='ltr'>Deo.</span> <span class='ocrx_word' id='word_1_57' title='bbox 407 2492 453 2554; x_wconf 88' lang='lat' dir='ltr'>ad</span> <span class='ocrx_word' id='word_1_58' title='bbox 474 2490 746 2554; x_wconf 76' lang='lat' dir='ltr'>Franoonofurt⁰</span> <span class='ocrx_word' id='word_1_59' title='bbox 776 2511 853 2553; x_wconf 89' lang='lat' dir='ltr'>cum</span> <span class='ocrx_word' id='word_1_60' title='bbox 877 2491 946 2554; x_wconf 90' lang='lat' dir='ltr'>suis</span> <span class='ocrx_word' id='word_1_61' title='bbox 969 2491 1064 2555; x_wconf 89' lang='lat' dir='ltr'>venit</span> <span class='ocrx_word' id='word_1_62' title='bbox 1072 2491 1094 2553; x_wconf 79' lang='lat'>1.</span> <span class='ocrx_word' id='word_1_63' title='bbox 1142 2491 1270 2556; x_wconf 78' lang='lat' dir='ltr'>Contra</span> <span class='ocrx_word' id='word_1_64' title='bbox 1279 2513 1378 2556; x_wconf 57' lang='lat' dir='ltr'>sousa</span> 
     </span>
     <span class='ocr_line' id='line_1_13' title="bbox 100 2579 1269 2662; baseline 0.004 -22"><span class='ocrx_word' id='word_1_65' title='bbox 100 2599 201 2660; x_wconf 92' lang='lat' dir='ltr'>quem</span> <span class='ocrx_word' id='word_1_66' title='bbox 230 2580 416 2662; x_wconf 88' lang='lat' dir='ltr'>imperator</span> <span class='ocrx_word' id='word_1_67' title='bbox 448 2580 545 2662; x_wconf 88' lang='lat' dir='ltr'>quasi</span> <span class='ocrx_word' id='word_1_68' title='bbox 575 2579 641 2642; x_wconf 92' lang='lat' dir='ltr'>sibi</span> <span class='ocrx_word' id='word_1_69' title='bbox 670 2580 909 2644; x_wconf 75' lang='lat' dir='ltr'>adversantem</span> <span class='ocrx_word' id='word_1_70' title='bbox 940 2599 1018 2642; x_wconf 89' lang='lat' dir='ltr'>oum</span> <span class='ocrx_word' id='word_1_71' title='bbox 1041 2581 1194 2644; x_wconf 83' lang='lat' dir='ltr'>exercitu</span> <span class='ocrx_word' id='word_1_72' title='bbox 1216 2601 1269 2645; x_wconf 84' lang='lat' dir='ltr'>ve·</span> 
     </span>
     <span class='ocr_line' id='line_1_14' title="bbox 99 2661 1375 2750; baseline 0.004 -21"><span class='ocrx_word' id='word_1_73' title='bbox 99 2667 197 2731; x_wconf 91' lang='lat' dir='ltr'>niens</span> <span class='ocrx_word' id='word_1_74' title='bbox 220 2661 452 2750; x_wconf 78' lang='lat' dir='ltr'>Mogontiacif</span> <span class='ocrx_word' id='word_1_75' title='bbox 477 2667 618 2732; x_wconf 73' lang='lat' dir='ltr'>nataleg</span> <span class='ocrx_word' id='word_1_76' title='bbox 643 2667 783 2730; x_wconf 88' lang='lat' dir='ltr'>Domini</span> <span class='ocrx_word' id='word_1_77' title='bbox 808 2667 1004 2732; x_wconf 88' lang='lat' dir='ltr'>celebravit.</span> <span class='ocrx_word' id='word_1_78' title='bbox 1279 2689 1375 2734; x_wconf 63' lang='lat' dir='ltr'>nasa</span> 
     </span>
    </p>

    <p class='ocr_par' dir='ltr' id='par_1_5' title="bbox 99 2749 1393 2910">
     <span class='ocr_line' id='line_1_15' title="bbox 206 2749 1385 2866; baseline 0.004 -48"><span class='ocrx_word' id='word_1_79' title='bbox 206 2749 394 2848; x_wconf 85' lang='lat' dir='ltr'>Pippinush</span> <span class='ocrx_word' id='word_1_80' title='bbox 413 2776 547 2840; x_wconf 90' lang='lat' dir='ltr'>quoque</span> <span class='ocrx_word' id='word_1_81' title='bbox 563 2756 655 2820; x_wconf 89' lang='lat' dir='ltr'>filius</span> <span class='ocrx_word' id='word_1_82' title='bbox 672 2757 754 2834; x_wconf 84' lang='lat' dir='ltr'>eius,</span> <span class='ocrx_word' id='word_1_83' title='bbox 778 2776 838 2821; x_wconf 87' lang='lat' dir='ltr'>rex</span> <span class='ocrx_word' id='word_1_84' title='bbox 853 2757 1128 2839; x_wconf 83' lang='lat' dir='ltr'>Aquitaniorum,</span> <span class='ocrx_word' id='word_1_85' title='bbox 1152 2777 1269 2823; x_wconf 89' lang='lat' dir='ltr'>mense</span> <span class='ocrx_word' id='word_1_86' title='bbox 1279 2762 1385 2866; x_wconf 54' lang='lat' dir='ltr'>(Dijg&#39;sss)</span> 
     </span>
     <span class='ocr_line' id='line_1_16' title="bbox 99 2843 1393 2910; baseline 0.002 -3"><span class='ocrx_word' id='word_1_87' title='bbox 99 2843 324 2908; x_wconf 89' lang='lat' dir='ltr'>Novembrio¹</span> <span class='ocrx_word' id='word_1_88' title='bbox 356 2845 508 2909; x_wconf 86' lang='lat' dir='ltr'>eiusdem</span> <span class='ocrx_word' id='word_1_89' title='bbox 532 2846 614 2908; x_wconf 90' lang='lat' dir='ltr'>anni</span> <span class='ocrx_word' id='word_1_90' title='bbox 637 2845 823 2910; x_wconf 85' lang='lat' dir='ltr'>defunctus</span> <span class='ocrx_word' id='word_1_91' title='bbox 847 2849 900 2910; x_wconf 88' lang='lat' dir='ltr'>est</span> <span class='ocrx_word' id='word_1_92' title='bbox 909 2846 930 2908; x_wconf 81' lang='lat'>².</span> <span class='ocrx_word' id='word_1_93' title='bbox 1337 2846 1343 2858; x_wconf 86' lang='lat'>&#39;</span> <span class='ocrx_word' id='word_1_94' title='bbox 1386 2846 1393 2858; x_wconf 86' lang='lat'>&#39;</span> 
     </span>
    </p>
   </div>
   <div class='ocr_carea' id='block_1_5' title="bbox 644 3015 722 3087">
    <p class='ocr_par' dir='ltr' id='par_1_6' title="bbox 644 3015 722 3087">
     <span class='ocr_line' id='line_1_17' title="bbox 644 3015 722 3087; baseline 0 -1"><span class='ocrx_word' id='word_1_95' title='bbox 644 3015 722 3087; x_wconf 84' lang='grc'><strong>838.</strong></span> 
     </span>
    </p>
   </div>
   <div class='ocr_carea' id='block_1_6' title="bbox 98 3099 1356 3388">
    <p class='ocr_par' dir='ltr' id='par_1_7' title="bbox 98 3099 1356 3388">
     <span class='ocr_line' id='line_1_18' title="bbox 206 3099 1270 3213; baseline 0.001 -23"><span class='ocrx_word' id='word_1_96' title='bbox 206 3127 554 3192; x_wconf 81' lang='lat' dir='ltr'>DOOOXXXVIIH.</span> <span class='ocrx_word' id='word_1_97' title='bbox 612 3099 821 3213; x_wconf 32' lang='lat' dir='ltr'>Imperator·</span> <span class='ocrx_word' id='word_1_98' title='bbox 838 3123 945 3193; x_wconf 65' lang='lat' dir='ltr'>verok</span> <span class='ocrx_word' id='word_1_99' title='bbox 982 3133 1061 3213; x_wconf 88' lang='lat' dir='ltr'>post</span> <span class='ocrx_word' id='word_1_100' title='bbox 1094 3133 1270 3213; x_wconf 78' lang='lat' dir='ltr'>peractam</span> 
     </span>
     <span class='ocr_line' id='line_1_19' title="bbox 98 3211 1269 3301; baseline 0.001 -23"><span class='ocrx_word' id='word_1_101' title='bbox 98 3215 326 3280; x_wconf 80' lang='lat' dir='ltr'>festivitatem</span> <span class='ocrx_word' id='word_1_102' title='bbox 353 3217 480 3280; x_wconf 87' lang='lat' dir='ltr'>natalis</span> <span class='ocrx_word' id='word_1_103' title='bbox 504 3216 644 3280; x_wconf 92' lang='lat' dir='ltr'>Domini</span> <span class='ocrx_word' id='word_1_104' title='bbox 672 3221 708 3281; x_wconf 88' lang='lat' dir='ltr'>et</span> <span class='ocrx_word' id='word_1_105' title='bbox 729 3211 982 3301; x_wconf 88' lang='lat' dir='ltr'>theophaniae¹</span> <span class='ocrx_word' id='word_1_106' title='bbox 1012 3217 1124 3280; x_wconf 74' lang='grc' dir='ltr'>ἮΙ.111</span> <span class='ocrx_word' id='word_1_107' title='bbox 1147 3216 1269 3280; x_wconf 90' lang='lat' dir='ltr'>Idibus</span> 
     </span>
     <span class='ocr_line' id='line_1_20' title="bbox 100 3303 1356 3388; baseline 0.002 -22"><span class='ocrx_word' id='word_1_108' title='bbox 100 3303 270 3368; x_wconf 86' lang='lat' dir='ltr'>Ianuariis</span> <span class='ocrx_word' id='word_1_109' title='bbox 306 3325 384 3367; x_wconf 89' lang='lat' dir='ltr'>curn</span> <span class='ocrx_word' id='word_1_110' title='bbox 418 3305 571 3370; x_wconf 81' lang='lat' dir='ltr'>exercitu</span> <span class='ocrx_word' id='word_1_111' title='bbox 600 3306 738 3388; x_wconf 80' lang='lat' dir='ltr'>navigio</span> <span class='ocrx_word' id='word_1_112' title='bbox 767 3305 929 3370; x_wconf 86' lang='lat' dir='ltr'>Rhenum</span> <span class='ocrx_word' id='word_1_113' title='bbox 961 3305 1116 3382; x_wconf 83' lang='lat' dir='ltr'>transiit,</span> <span class='ocrx_word' id='word_1_114' title='bbox 1152 3305 1268 3369; x_wconf 87' lang='lat' dir='ltr'>obvios</span> <span class='ocrx_word' id='word_1_115' title='bbox 1280 3325 1356 3368; x_wconf 68' lang='lat' dir='ltr'>aar.</span> 
     </span>
    </p>
   </div>
   <div class='ocr_carea' id='block_1_7' title="bbox 99 3392 1269 3742">
    <p class='ocr_par' dir='ltr' id='par_1_8' title="bbox 99 3392 1269 3742">
     <span class='ocr_line' id='line_1_21' title="bbox 100 3392 1269 3478; baseline 0.001 -24"><span class='ocrx_word' id='word_1_116' title='bbox 100 3392 231 3457; x_wconf 91' lang='lat' dir='ltr'>habens</span> <span class='ocrx_word' id='word_1_117' title='bbox 266 3392 417 3458; x_wconf 83' lang='lat' dir='ltr'>Saxones</span> <span class='ocrx_word' id='word_1_118' title='bbox 455 3394 583 3477; x_wconf 87' lang='lat' dir='ltr'>partim</span> <span class='ocrx_word' id='word_1_119' title='bbox 616 3394 718 3456; x_wconf 92' lang='lat' dir='ltr'>minis</span> <span class='ocrx_word' id='word_1_120' title='bbox 752 3394 879 3478; x_wconf 86' lang='lat' dir='ltr'>partim</span> <span class='ocrx_word' id='word_1_121' title='bbox 916 3392 1131 3456; x_wconf 86' lang='lat' dir='ltr'>suasionibus</span> <span class='ocrx_word' id='word_1_122' title='bbox 1166 3393 1269 3456; x_wconf 86' lang='lat' dir='ltr'>Adai·</span> 
     </span>
     <span class='ocr_line' id='line_1_22' title="bbox 99 3479 1269 3564; baseline 0.002 -21"><span class='ocrx_word' id='word_1_123' title='bbox 99 3479 235 3544; x_wconf 84' lang='lat' dir='ltr'>berhtin</span> <span class='ocrx_word' id='word_1_124' title='bbox 256 3481 413 3544; x_wconf 80' lang='lat' dir='ltr'>comitis3</span> <span class='ocrx_word' id='word_1_125' title='bbox 435 3483 613 3546; x_wconf 80' lang='lat' dir='ltr'>adductos.</span> <span class='ocrx_word' id='word_1_126' title='bbox 653 3480 728 3559; x_wconf 76' lang='lat' dir='ltr'>Quo</span> <span class='ocrx_word' id='word_1_127' title='bbox 751 3481 889 3564; x_wconf 85' lang='lat' dir='ltr'>cognito</span> <span class='ocrx_word' id='word_1_128' title='bbox 905 3481 1150 3544; x_wconf 75' lang='lat' dir='ltr'>Hludowious⁰</span> <span class='ocrx_word' id='word_1_129' title='bbox 1170 3481 1269 3545; x_wconf 87' lang='lat' dir='ltr'>nefas</span> 
     </span>
     <span class='ocr_line' id='line_1_23' title="bbox 100 3569 1269 3654; baseline 0 -23"><span class='ocrx_word' id='word_1_130' title='bbox 100 3588 172 3632; x_wconf 90' lang='lat' dir='ltr'>esse</span> <span class='ocrx_word' id='word_1_131' title='bbox 203 3570 312 3634; x_wconf 80' lang='lat' dir='ltr'>sciens</span> <span class='ocrx_word' id='word_1_132' title='bbox 342 3570 453 3633; x_wconf 89' lang='lat' dir='ltr'>filium</span> <span class='ocrx_word' id='word_1_133' title='bbox 482 3571 573 3654; x_wconf 86' lang='lat' dir='ltr'>patri</span> <span class='ocrx_word' id='word_1_134' title='bbox 604 3588 797 3653; x_wconf 82' lang='lat' dir='ltr'>repugnare</span> <span class='ocrx_word' id='word_1_135' title='bbox 830 3570 1089 3651; x_wconf 72' lang='lat' dir='ltr'>sedendumque</span> <span class='ocrx_word' id='word_1_136' title='bbox 1121 3569 1269 3653; x_wconf 88' lang='lat' dir='ltr'>tempori</span> 
     </span>
     <span class='ocr_line' id='line_1_24' title="bbox 99 3657 1269 3742; baseline 0.001 -23"><span class='ocrx_word' id='word_1_137' title='bbox 99 3657 255 3721; x_wconf 81' lang='lat' dir='ltr'>iudicans</span> <span class='ocrx_word' id='word_1_138' title='bbox 289 3658 326 3720; x_wconf 95' lang='lat' dir='ltr'>in</span> <span class='ocrx_word' id='word_1_139' title='bbox 361 3657 555 3722; x_wconf 88' lang='lat' dir='ltr'>Baioariam</span> <span class='ocrx_word' id='word_1_140' title='bbox 589 3679 625 3723; x_wconf 88' lang='lat' dir='ltr'>se</span> <span class='ocrx_word' id='word_1_141' title='bbox 659 3659 800 3742; x_wconf 84' lang='lat' dir='ltr'>recepit.</span> <span class='ocrx_word' id='word_1_142' title='bbox 854 3657 1047 3741; x_wconf 86' lang='lat' dir='ltr'>Imperator</span> <span class='ocrx_word' id='word_1_143' title='bbox 1082 3660 1199 3721; x_wconf 82' lang='lat' dir='ltr'>autem</span> <span class='ocrx_word' id='word_1_144' title='bbox 1232 3658 1269 3720; x_wconf 93' lang='lat' dir='ltr'>in</span> 
     </span>
    </p>
   </div>
   <div class='ocr_carea' id='block_1_8' title="bbox 98 3845 1270 4059">
    <p class='ocr_par' dir='ltr' id='par_1_9' title="bbox 98 3845 1270 4059">
     <span class='ocr_line' id='line_1_25' title="bbox 98 3845 1269 3898; baseline 0.001 -14"><span class='ocrx_word' id='word_1_145' title='bbox 98 3847 121 3893; x_wconf 83' lang='lat' dir='ltr'>a)</span> <span class='ocrx_word' id='word_1_146' title='bbox 136 3847 217 3886; x_wconf 76' lang='lat' dir='ltr'>codices</span> <span class='ocrx_word' id='word_1_147' title='bbox 230 3857 273 3885; x_wconf 77' lang='lat' dir='ltr'>uno</span> <span class='ocrx_word' id='word_1_148' title='bbox 288 3851 360 3886; x_wconf 78' lang='lat' dir='ltr'>tenore</span> <span class='ocrx_word' id='word_1_149' title='bbox 371 3852 467 3897; x_wconf 70' lang='lat' dir='ltr'>perpura</span> <span class='ocrx_word' id='word_1_150' title='bbox 480 3852 499 3886; x_wconf 72' lang='lat' dir='ltr'>et</span> <span class='ocrx_word' id='word_1_151' title='bbox 513 3849 543 3887; x_wconf 81' lang='lat' dir='ltr'>ad</span> <span class='ocrx_word' id='word_1_152' title='bbox 556 3857 627 3887; x_wconf 80' lang='lat' dir='ltr'>vocem</span> <span class='ocrx_word' id='word_1_153' title='bbox 641 3845 834 3898; x_wconf 67' lang='lat' dir='ltr'>quadragesimam</span> <span class='ocrx_word' id='word_1_154' title='bbox 852 3857 886 3898; x_wconf 78' lang='lat' dir='ltr'>ea,</span> <span class='ocrx_word' id='word_1_155' title='bbox 904 3857 959 3898; x_wconf 74' lang='lat' dir='ltr'>quar</span> <span class='ocrx_word' id='word_1_156' title='bbox 976 3851 1100 3897; x_wconf 72' lang='lat' dir='ltr'>sequuntur,</span> <span class='ocrx_word' id='word_1_157' title='bbox 1119 3848 1180 3886; x_wconf 76' lang='lat' dir='ltr'>nullo</span> <span class='ocrx_word' id='word_1_158' title='bbox 1197 3847 1269 3895; x_wconf 73' lang='lat' dir='ltr'>spatio</span> 
     </span>
     <span class='ocr_line' id='line_1_26' title="bbox 99 3899 1270 3953; baseline 0.002 -16"><span class='ocrx_word' id='word_1_159' title='bbox 99 3900 221 3938; x_wconf 74' lang='lat' dir='ltr'>intermisso</span> <span class='ocrx_word' id='word_1_160' title='bbox 237 3901 356 3943; x_wconf 73' lang='lat' dir='ltr'>admorunt.</span> <span class='ocrx_word' id='word_1_161' title='bbox 410 3902 433 3949; x_wconf 90' lang='lat' dir='ltr'>b)</span> <span class='ocrx_word' id='word_1_162' title='bbox 447 3912 511 3951; x_wconf 75' lang='lat' dir='ltr'>aequ.</span> <span class='ocrx_word' id='word_1_163' title='bbox 525 3901 545 3945; x_wconf 79' lang='lat'>2.</span> <span class='ocrx_word' id='word_1_164' title='bbox 586 3899 719 3951; x_wconf 81' lang='lat' dir='ltr'>e)h1udaw.</span> <span class='ocrx_word' id='word_1_165' title='bbox 733 3902 753 3945; x_wconf 81' lang='grc'>3.</span> <span class='ocrx_word' id='word_1_166' title='bbox 799 3899 823 3949; x_wconf 89' lang='lat' dir='ltr'>d)</span> <span class='ocrx_word' id='word_1_167' title='bbox 837 3901 965 3950; x_wconf 74' lang='lat' dir='ltr'>intelligens</span> <span class='ocrx_word' id='word_1_168' title='bbox 979 3901 998 3943; x_wconf 76' lang='lat'>³.</span> <span class='ocrx_word' id='word_1_169' title='bbox 1047 3900 1270 3953; x_wconf 78' lang='lat' dir='ltr'>e)franeoii1rt1.8.</span> 
     </span>
     <span class='ocr_line' id='line_1_27' title="bbox 99 3952 1270 4006; baseline 0.001 -15"><span class='ocrx_word' id='word_1_170' title='bbox 99 3952 119 4005; x_wconf 67' lang='lat' dir='ltr'>f)</span> <span class='ocrx_word' id='word_1_171' title='bbox 131 3953 266 4002; x_wconf 75' lang='lat' dir='ltr'>mogonciati</span> <span class='ocrx_word' id='word_1_172' title='bbox 280 3954 299 3995; x_wconf 88' lang='grc'>3,</span> <span class='ocrx_word' id='word_1_173' title='bbox 375 3954 399 4005; x_wconf 75' lang='lat' dir='ltr'>g)</span> <span class='ocrx_word' id='word_1_174' title='bbox 416 3955 514 3994; x_wconf 74' lang='lat' dir='ltr'>natalem</span> <span class='ocrx_word' id='word_1_175' title='bbox 528 3955 547 3998; x_wconf 79' lang='grc'>8.</span> <span class='ocrx_word' id='word_1_176' title='bbox 621 3955 646 4002; x_wconf 88' lang='lat' dir='ltr'>h)</span> <span class='ocrx_word' id='word_1_177' title='bbox 663 3954 757 4004; x_wconf 83' lang='lat' dir='ltr'>Pipinus</span> <span class='ocrx_word' id='word_1_178' title='bbox 772 3955 791 3996; x_wconf 87' lang='lat'>1.</span> <span class='ocrx_word' id='word_1_179' title='bbox 866 3954 884 4006; x_wconf 91' lang='lat' dir='ltr'>i)</span> <span class='ocrx_word' id='word_1_180' title='bbox 901 3954 1031 3994; x_wconf 82' lang='lat' dir='ltr'>nobembrio</span> <span class='ocrx_word' id='word_1_181' title='bbox 1045 3954 1065 3998; x_wconf 88' lang='grc'>3.</span> <span class='ocrx_word' id='word_1_182' title='bbox 1139 3954 1163 4002; x_wconf 83' lang='lat' dir='ltr'>k)</span> <span class='ocrx_word' id='word_1_183' title='bbox 1180 3955 1237 3993; x_wconf 75' lang='lat' dir='ltr'>deest</span> <span class='ocrx_word' id='word_1_184' title='bbox 1251 3955 1270 3997; x_wconf 89' lang='lat'>1.</span> 
     </span>
     <span class='ocr_line' id='line_1_28' title="bbox 99 4005 804 4059; baseline 0.009 -16"><span class='ocrx_word' id='word_1_185' title='bbox 99 4005 116 4056; x_wconf 92' lang='lat' dir='ltr'>i)</span> <span class='ocrx_word' id='word_1_186' title='bbox 130 4006 268 4055; x_wconf 75' lang='lat' dir='ltr'>theophanio</span> <span class='ocrx_word' id='word_1_187' title='bbox 281 4007 301 4049; x_wconf 79' lang='grc'>8.</span> <span class='ocrx_word' id='word_1_188' title='bbox 354 4007 385 4059; x_wconf 90' lang='lat' dir='ltr'>m)</span> <span class='ocrx_word' id='word_1_189' title='bbox 399 4007 500 4057; x_wconf 82' lang='lat' dir='ltr'>septimis</span> <span class='ocrx_word' id='word_1_190' title='bbox 514 4008 534 4050; x_wconf 84' lang='grc'>3.</span> <span class='ocrx_word' id='word_1_191' title='bbox 588 4005 804 4059; x_wconf 66' lang='lat' dir='ltr'>mariamnam.</span> 
     </span>
    </p>
   </div>
   <div class='ocr_carea' id='block_1_9' title="bbox 78 4163 1270 4444">
    <p class='ocr_par' dir='ltr' id='par_1_10' title="bbox 101 4163 1270 4234">
     <span class='ocr_line' id='line_1_29' title="bbox 101 4163 1270 4234; baseline -0.003 -15"><span class='ocrx_word' id='word_1_192' title='bbox 101 4163 127 4230; x_wconf 88' lang='grc'>1)</span> <span class='ocrx_word' id='word_1_193' title='bbox 148 4165 199 4216; x_wconf 82' lang='lat' dir='ltr'>Ubi</span> <span class='ocrx_word' id='word_1_194' title='bbox 215 4171 309 4217; x_wconf 69' lang='lat' dir='ltr'>auctor</span> <span class='ocrx_word' id='word_1_195' title='bbox 326 4181 385 4217; x_wconf 79' lang='lat' dir='ltr'>oum</span> <span class='ocrx_word' id='word_1_196' title='bbox 402 4181 431 4218; x_wconf 83' lang='lat' dir='ltr'>eo</span> <span class='ocrx_word' id='word_1_197' title='bbox 449 4167 533 4230; x_wconf 67' lang='lat' dir='ltr'>tuboe</span> <span class='ocrx_word' id='word_1_198' title='bbox 550 4167 662 4218; x_wconf 67' lang='lat' dir='ltr'>uidetur.</span> <span class='ocrx_word' id='word_1_199' title='bbox 733 4166 761 4233; x_wconf 81' lang='grc'>2)</span> <span class='ocrx_word' id='word_1_200' title='bbox 778 4167 925 4234; x_wconf 71' lang='lat' dir='ltr'>Pippr&#39;num</span> <span class='ocrx_word' id='word_1_201' title='bbox 944 4167 1037 4218; x_wconf 76' lang='lat' dir='ltr'>Idibus</span> <span class='ocrx_word' id='word_1_202' title='bbox 1056 4167 1115 4220; x_wconf 78' lang='lat' dir='ltr'>Dee.</span> <span class='ocrx_word' id='word_1_203' title='bbox 1135 4171 1270 4218; x_wconf 80' lang='lat' dir='ltr'>mortuum</span> 
     </span>
    </p>

    <p class='ocr_par' dir='ltr' id='par_1_11' title="bbox 78 4236 1268 4444">
     <span class='ocr_line' id='line_1_30' title="bbox 78 4236 1268 4305; baseline -0.001 -18"><span class='ocrx_word' id='word_1_204' title='bbox 78 4251 152 4287; x_wconf 67' lang='lat' dir='ltr'>oeae</span> <span class='ocrx_word' id='word_1_205' title='bbox 169 4236 334 4288; x_wconf 74' lang='lat' dir='ltr'>Prudentius</span> <span class='ocrx_word' id='word_1_206' title='bbox 353 4238 494 4289; x_wconf 70' lang='lat' dir='ltr'>mmoriae</span> <span class='ocrx_word' id='word_1_207' title='bbox 512 4239 615 4305; x_wconf 79' lang='lat' dir='ltr'>prodii,</span> <span class='ocrx_word' id='word_1_208' title='bbox 639 4239 684 4289; x_wconf 79' lang='lat' dir='ltr'>oui</span> <span class='ocrx_word' id='word_1_209' title='bbox 700 4238 803 4292; x_wconf 77' lang='lat' dir='ltr'>Neorol.</span> <span class='ocrx_word' id='word_1_210' title='bbox 821 4238 985 4303; x_wconf 70' lang='lat' dir='ltr'>Wirzibury.</span> <span class='ocrx_word' id='word_1_211' title='bbox 1008 4236 1089 4303; x_wconf 89' lang='lat' dir='ltr'><em>(XII.</em></span> <span class='ocrx_word' id='word_1_212' title='bbox 1108 4237 1174 4290; x_wconf 83' lang='lat' dir='ltr'>Kal.</span> <span class='ocrx_word' id='word_1_213' title='bbox 1192 4237 1268 4300; x_wconf 78' lang='lat' dir='ltr'>Ian.)</span> 
     </span>
     <span class='ocr_line' id='line_1_31' title="bbox 99 4307 1265 4375; baseline 0 -18"><span class='ocrx_word' id='word_1_214' title='bbox 99 4309 248 4369; x_wconf 48' lang='lat' dir='ltr'>succurri&amp;</span> <span class='ocrx_word' id='word_1_215' title='bbox 266 4308 301 4370; x_wconf 78' lang='lat' dir='ltr'>of.</span> <span class='ocrx_word' id='word_1_216' title='bbox 313 4307 420 4359; x_wconf 77' lang='lat' dir='ltr'>Simeon</span> <span class='ocrx_word' id='word_1_217' title='bbox 434 4325 464 4374; x_wconf 83' lang='lat' dir='ltr'>p.</span> <span class='ocrx_word' id='word_1_218' title='bbox 474 4310 534 4372; x_wconf 85' lang='lat'>191,</span> <span class='ocrx_word' id='word_1_219' title='bbox 554 4324 581 4362; x_wconf 84' lang='lat' dir='ltr'>n.</span> <span class='ocrx_word' id='word_1_220' title='bbox 594 4311 628 4370; x_wconf 80' lang='lat'>2,·</span> <span class='ocrx_word' id='word_1_221' title='bbox 646 4309 787 4360; x_wconf 68' lang='lat' dir='ltr'>demler</span> <span class='ocrx_word' id='word_1_222' title='bbox 804 4308 827 4373; x_wconf 90' lang='lat' dir='ltr'>I,</span> <span class='ocrx_word' id='word_1_223' title='bbox 844 4325 873 4375; x_wconf 81' lang='lat' dir='ltr'>p.</span> <span class='ocrx_word' id='word_1_224' title='bbox 887 4311 947 4374; x_wconf 84' lang='lat'>130,</span> <span class='ocrx_word' id='word_1_225' title='bbox 966 4325 993 4362; x_wconf 78' lang='lat' dir='ltr'>n.</span> <span class='ocrx_word' id='word_1_226' title='bbox 1005 4311 1029 4363; x_wconf 91' lang='lat'>1.</span> <span class='ocrx_word' id='word_1_227' title='bbox 1083 4307 1111 4373; x_wconf 83' lang='lat'>3)</span> <span class='ocrx_word' id='word_1_228' title='bbox 1122 4308 1265 4371; x_wconf 81' lang='lat' dir='ltr'>Mettenris,</span> 
     </span>
     <span class='ocr_line' id='line_1_32' title="bbox 99 4378 664 4444; baseline 0.012 -18"><span class='ocrx_word' id='word_1_229' title='bbox 99 4378 130 4428; x_wconf 86' lang='lat' dir='ltr'>de</span> <span class='ocrx_word' id='word_1_230' title='bbox 148 4393 199 4443; x_wconf 80' lang='lat' dir='ltr'>quo</span> <span class='ocrx_word' id='word_1_231' title='bbox 216 4379 251 4442; x_wconf 85' lang='lat' dir='ltr'>cf.</span> <span class='ocrx_word' id='word_1_232' title='bbox 270 4378 411 4430; x_wconf 73' lang='lat' dir='ltr'>Drimmlar</span> <span class='ocrx_word' id='word_1_233' title='bbox 429 4378 452 4443; x_wconf 88' lang='lat'>1,</span> <span class='ocrx_word' id='word_1_234' title='bbox 470 4396 498 4444; x_wconf 82' lang='lat' dir='ltr'>p.</span> <span class='ocrx_word' id='word_1_235' title='bbox 512 4379 573 4444; x_wconf 80' lang='lat'>126,</span> <span class='ocrx_word' id='word_1_236' title='bbox 592 4395 620 4432; x_wconf 83' lang='lat' dir='ltr'>n.</span> <span class='ocrx_word' id='word_1_237' title='bbox 638 4382 664 4433; x_wconf 81' lang='lat'>2.</span> 
     </span>
    </p>
   </div>
   <div class='ocr_carea' id='block_1_10' title="bbox 0 0 1494 4934">
    <p class='ocr_par' dir='ltr' id='par_1_12' title="bbox 0 0 1494 4934">
     <span class='ocr_line' id='line_1_33' title="bbox 0 0 1494 4934; baseline 0 0"><span class='ocrx_word' id='word_1_238' title='bbox 0 0 1494 4934; x_wconf 95' lang='lat' dir='ltr'> </span> 
     </span>
    </p>
   </div>
  </div>
 </body>
</html>
