2978 4934
170 437 221 489 120
515 428 725 484 ANNALIUM
742 427 994 485 FULDENSIUM

77 637 159 689 (Νη).
169 615 279 679 securi
309 613 548 678 consederunt.
601 610 654 674 Ex
687 611 859 694 inproviso
893 612 986 676 enim
1014 634 1075 678 rex
1104 619 1140 679 et
1171 618 1339 682 exercitus

167 721 352 787 pervenere
392 703 436 765 ad
471 700 618 765 eundem
657 698 781 762 locum.
839 700 998 765 Transito
1036 703 1145 785 igitur
1185 705 1340 771 celeriter

168 793 289 856 eodem
318 790 423 854 fluvio
452 809 516 852 nec
546 808 642 852 mora
664 788 871 851 meditatum
895 792 947 853 est
969 791 1141 873 proelium
1164 794 1339 877 applicari.

169 880 357 944 Cunctanti
379 897 527 960 namque
550 877 632 959 regi,
657 897 701 940 ne
716 880 790 939 tam
805 876 921 941 valida
936 898 1058 943 manus
1073 880 1338 963 periclitaretur,

167 969 248 1051 quia
276 968 504 1031 interiacente
534 965 660 1048 palude
688 985 730 1028 ex
757 968 856 1048 parte
879 986 959 1041 una,
991 987 1032 1031 ex
1062 968 1173 1033 altera
1203 970 1340 1034 circum·

167 1057 297 1121 fluente
319 1057 395 1138 ripa
416 1076 487 1118 non
511 1054 661 1117 donatur
682 1052 833 1117 facultas
854 1053 1027 1137 equitibus
1043 1059 1196 1139 aggredi,
1222 1059 1338 1136 oculis,

168 1145 387 1227 cogitatione,
420 1143 563 1207 consilio
593 1143 661 1205 huc
691 1142 775 1205 illuc
805 1143 1066 1225 pervagabatur,
1098 1146 1184 1226 quid
1207 1148 1340 1212 consilii

167 1254 252 1317 opus
276 1234 330 1310 sit,
356 1232 437 1314 quia
456 1231 597 1295 Francis
621 1231 869 1313 pedetemptim
893 1235 1024 1295 certare
1047 1233 1256 1298 inusitatum
1279 1241 1338 1314 est,

168 1322 267 1386 anxie
282 1321 463 1396 meditans,
487 1321 630 1382 tandem
646 1320 745 1382 heros
761 1319 926 1402 primores
941 1320 1153 1384 Francorum
1169 1323 1339 1388 advocans

166 1411 215 1473 sic
239 1409 428 1491 alloquitur
456 1408 645 1491 patienter:
678 1406 771 1484 ‘Viri
795 1406 909 1472 Deum
931 1409 1123 1474 recolentes
1147 1414 1184 1474 et
1208 1432 1340 1496 semper

166 1498 230 1562 sub
247 1497 314 1560 Dei
336 1497 449 1579 gratia
472 1496 619 1579 patriam
638 1497 770 1559 tuendo
785 1496 900 1559 fuistis
917 1497 1149 1575 invincibiles;
1174 1500 1339 1584 inspirate

167 1586 304 1662 animis,
341 1585 370 1648 si
400 1585 443 1648 ab
473 1584 620 1647 inimicis
651 1585 930 1668 quandoquidem
960 1606 1055 1650 more
1084 1589 1336 1670 paganissimo²

166 1672 362 1737 furentibus
392 1673 489 1756 pium
511 1673 715 1755 sanguinem
744 1676 927 1756 parentum
953 1667 1162 1738 *vestrorum
1193 1677 1340 1741 effusum
1349 1698 1421 1747 *arn

166 1762 334 1825 vindicari
355 1761 507 1825 recolitis
531 1765 566 1825 et
590 1782 687 1825 sacra
713 1761 777 1824 sub
801 1762 930 1825 honore
954 1766 1153 1826 sanctorum
1177 1767 1339 1831 creatoris

166 1851 272 1914 vestri
294 1849 426 1933 templa
449 1869 566 1914 eversa
588 1851 657 1912 iam
680 1850 717 1911 in
733 1851 846 1934 patria
860 1854 975 1914 vestra
991 1852 1138 1928 cernitis,
1164 1854 1339 1919 ministros

167 1939 275 2002 eciam
305 1937 372 2002 Dei
407 1959 539 2002 summo
573 1940 684 2020 gradu
719 1939 944 2002 consistentes
978 1943 1168 2022 prostratos
1203 1943 1338 2007 videtis.

166 2026 282 2102 Nunc,
319 2025 460 2103 milites,
497 2027 603 2108 agite,
639 2027 730 2110 ipsos
763 2027 899 2090 sceleris
929 2028 1079 2092 factores
1109 2032 1192 2094 ante
1222 2031 1339 2096 oculos

167 2116 348 2192 habentes,
388 2135 443 2178 me
477 2116 625 2198 primum
660 2135 747 2197 equo
781 2116 1060 2193 descendentem,
1101 2117 1201 2200 signa
1234 2141 1339 2182 manu

166 2204 419 2287 praeferentem
443 2204 639 2286 sequimini;
668 2224 740 2266 non
761 2207 925 2281 nostram,
950 2205 1010 2268 sed
1035 2204 1116 2282 eius,
1142 2207 1201 2288 qui
1225 2209 1340 2273 omnia

166 2295 294 2375 potest,
332 2293 577 2356 contumeliam
606 2293 822 2355 vindicantes
854 2293 1010 2356 inimicos
1040 2297 1175 2358 nostros
1206 2294 1243 2357 in
1274 2297 1340 2361 Dei

165 2382 303 2445 nomine
328 2381 577 2464 aggredimurl'
625 2380 691 2444 His
706 2380 844 2443 incitati
861 2381 972 2458 dictis,
998 2382 1165 2459 omnibus,
1191 2384 1283 2448 senis
1304 2389 1339 2449 et

165 2470 356 2546 iuvenibus,
387 2491 449 2553 par
471 2469 633 2532 voluntas
658 2472 693 2532 et
716 2469 858 2531 audatia
885 2470 1043 2552 pedestre
1067 2469 1200 2534 bellum
1223 2493 1339 2556 aggre-

165 2559 245 2622 dere
270 2560 388 2635 datur;
418 2559 511 2641 prius
534 2576 651 2639 regem
674 2557 880 2639 flagitantes,
911 2560 950 2619 ut
974 2559 1161 2640 equitando
1185 2580 1242 2624 eos
1267 2583 1339 2645 pro·

165 2650 310 2724 curaret,
340 2667 385 2711 ne
415 2647 499 2728 quid
529 2647 577 2709 eis
606 2645 841 2728 pugnantibus
866 2666 886 2708 a
908 2648 1006 2728 tergo
1029 2647 1164 2710 insidiis
1188 2649 1339 2713 inimico-

163 2756 241 2796 rum
263 2736 456 2799 timendum
480 2735 534 2797 sit.
583 2733 720 2797 Clamor
744 2755 764 2797 a
788 2734 984 2797 christianis
1013 2735 1051 2796 in
1075 2734 1187 2798 celum
1211 2739 1339 2801 attolli·

162 2826 231 2899 tur,
256 2842 319 2886 nec
335 2824 448 2884 minus
464 2822 591 2904 pagani
606 2842 700 2886 more
717 2843 778 2885 suo
795 2816 1017 2900 clamantesb,
1043 2823 1142 2905 signa
1158 2825 1339 2890 horribilia

164 2929 225 2993 per
260 2913 372 2972 castra
395 2910 672 2974 'movebantur⁰.
724 2910 925 2992 Evaginatis
960 2910 1084 2993 gladiis
1120 2932 1161 2976 ex
1190 2917 1338 2997 utraque

164 3001 271 3081 parte,
297 3001 337 3059 ut
360 2998 447 3080 lapis
471 2997 572 3074 ferro,
601 2998 639 3058 in
661 2999 810 3062 invicem
833 3001 878 3062 ad
900 3000 1048 3064 invicem
1072 3021 1251 3064 occursum
1275 3006 1337 3066 est.

164 3085 249 3149 Erat
273 3089 390 3149 autem
412 3085 461 3148 ibi
480 3105 564 3168 gens
580 3085 768 3150 fortissima
783 3088 875 3150 inter
890 3087 1131 3152 Nordmannos
1147 3090 1337 3168 Danorum,

164 3194 251 3257 quae
280 3194 468 3257 numquam
499 3178 603 3238 antea
632 3175 669 3236 in
699 3173 815 3258 aliqua
845 3177 1037 3240 munitione
1065 3177 1121 3240 vel
1152 3183 1254 3261 capta
1282 3180 1339 3244 vel

164 3267 325 3347 superata
360 3265 508 3328 auditur.
562 3263 658 3327 Dure
689 3268 859 3327 certatum
890 3268 958 3342 est;
995 3267 1055 3329 sed
1088 3286 1159 3328 non
1188 3267 1226 3328 in
1256 3269 1339 3330 diu1

163 3353 388 3417 subveniente
422 3353 535 3437 gratia
564 3352 631 3416 Dei
662 3353 807 3416 victoria
841 3354 885 3417 ad
916 3355 1121 3417 christianos
1157 3357 1338 3420 concessit.

162 3440 379 3505 Nordmanni
401 3442 484 3525 fuge
508 3442 717 3524 praesidium
740 3444 932 3523 querentes,
957 3442 1095 3520 flumen,
1121 3444 1213 3524 quod
1234 3449 1339 3508 antea

163 3531 211 3593 eis
228 3551 249 3593 a
263 3534 361 3613 tergo
377 3552 439 3614 pro
455 3551 553 3594 muro
569 3528 772 3606 habebatur,
794 3551 855 3612 pro
871 3533 981 3594 morte
998 3531 1210 3594 occurrebat.
1246 3532 1338 3595 Nam

161 3619 372 3682 instantibus
397 3638 438 3682 ex
461 3619 571 3682 altera
600 3621 698 3700 parte
728 3619 810 3681 cede
841 3619 1036 3682 christianis
1061 3620 1172 3682 coacti
1195 3623 1277 3683 sunt
1300 3621 1339 3683 in

162 3705 291 3770 flumen
325 3707 557 3790 praecipitari,
595 3707 821 3771 coacervatim
856 3727 892 3771 se
927 3728 988 3790 per
1019 3728 1140 3770 manus
1176 3711 1212 3771 et
1247 3708 1339 3772 colla

163 3795 386 3877 cruribusque
418 3795 685 3877 complectentes
715 3795 752 3858 in
780 3796 992 3878 profundum
1022 3815 1083 3878 per
1111 3799 1258 3860 centena
1281 3797 1339 3860 vel

162 3882 259 3944 milia
281 3900 424 3944 numero
440 3882 693 3964 mergebantur,
718 3885 770 3948 ita
793 3887 833 3946 ut
858 3883 1080 3948 cadaveribus
1103 3885 1339 3968 interceptum

86 4044 88 4051 Ι
163 3969 321 4032 alveum2
349 3969 458 4031 amnis
487 3971 616 4033 siccum
640 3976 829 4055 appareret.
876 3973 920 4035 In
944 3992 984 4056 eo
1007 3973 1138 4055 proelio
1162 3973 1231 4036 cesi
1254 3977 1339 4037 sunt

164 4057 232 4119 duo
261 4075 359 4136 reges
390 4076 516 4134 eorum,
549 4057 734 4140 Sigilridus
765 4061 897 4124 scilicet
925 4064 961 4124 et
991 4059 1208 4138 Gotafridus;
1241 4062 1339 4144 regia

162 4246 184 4292 a)
198 4243 328 4294 paganismo
343 4244 362 4286 3.
416 4246 439 4294 b)
453 4257 493 4287 suo
508 4247 671 4288 succlamantes
686 4249 706 4292 3.
760 4251 780 4296 c)
794 4249 945 4288 movebuntur
959 4249 978 4290 3,

162 4386 189 4454 1)
206 4385 230 4441 Ι.
248 4399 269 4438 e.
288 4399 359 4440 moa.
387 4385 418 4440 P.
490 4388 517 4455 2)
534 4388 706 4441 Accusatious
721 4404 774 4456 pro
791 4392 968 4453 accinctina·
986 4391 1022 4455 cf.
1040 4406 1066 4446 a.
1085 4390 1147 4444 884.
