2978 4934
175 435 227 490 128
475 449 480 459 ·
517 430 727 488 ANNALIUM
744 431 1013 488 FULDENSIUM'

75 640 165 690 (rosa).
283 615 533 682 Cunctantibus
557 637 638 701 ergo
655 618 787 681 cunctis
801 617 913 680 redire
933 616 970 679 in
987 619 1108 691 castra,
1132 634 1192 678 rex
1207 635 1345 677 murum

174 706 412 790 prospiciendo
434 706 652 783 circumibat3
677 706 743 769 Dei
766 708 876 768 nutua
896 705 1010 768 subito
1033 705 1125 767 inter
1140 704 1286 767 obsessis
1310 706 1345 766 et

174 794 411 859 obsidentibus
448 795 621 878 insperate
660 794 836 858 contentio
874 793 1034 870 exoritur,
1080 812 1266 856 concursus
1304 811 1346 855 ex

175 883 268 945 omni
302 887 400 966 parte
434 883 558 966 plebis,
598 903 715 947 omnes
748 881 977 945 vociferantes
1010 881 1131 944 urbem
1165 879 1259 945 bello
1294 900 1345 944 ex-

174 990 337 1056 pugnare,
369 971 526 1035 omnibus
550 972 587 1035 in
610 991 727 1055 pugna
749 991 811 1053 par
832 971 1003 1034 voluntas.
1049 969 1123 1032 Nec
1153 989 1258 1047 mora,
1291 969 1345 1032 ad·

174 1063 343 1124 venenmt
365 1080 510 1137 murum,
541 1058 713 1143 lapidibus
737 1059 932 1122 defensores
955 1078 1131 1121 murorum
1154 1057 1344 1141 depellunt,

174 1147 363 1211 multitudo
392 1149 543 1211 virorum
577 1148 684 1230 portis
713 1167 749 1211 se
780 1147 967 1231 constipat;
1004 1146 1064 1209 alii
1099 1147 1276 1210 securibus
1311 1148 1346 1209 et

175 1237 288 1319 spadis
312 1238 447 1319 portam
470 1240 505 1300 et
528 1240 641 1300 vectes
664 1235 810 1299 ferratos
833 1236 1002 1311 incidunt,
1032 1235 1091 1298 alii
1114 1256 1253 1297 murum
1276 1253 1346 1317 per-

173 1325 322 1401 fodiunt,
348 1324 407 1387 alii
431 1344 492 1406 per
514 1325 642 1387 scalam
665 1344 779 1387 muros
803 1325 1004 1387 ascendunt.
1051 1323 1174 1404 Sicque
1190 1324 1258 1386 Dei
1273 1343 1346 1406 pro-

174 1413 328 1476 videntia
362 1412 556 1475 firmissima
591 1416 626 1476 et
660 1412 873 1477 nobilissima
906 1411 1001 1487 urbs,
1037 1411 1135 1475 nullo
1171 1432 1213 1476 ex
1246 1414 1346 1495 parte

174 1501 264 1583 regis
301 1501 342 1563 de
375 1502 476 1564 tanto
511 1501 663 1564 exercitu
693 1499 950 1577 succumbente,
985 1500 1055 1562 iam
1085 1503 1345 1583 vesperascente

176 1589 231 1652 die
260 1586 425 1652 nobiliter
455 1609 533 1651 cum
561 1589 738 1672 triumpho
768 1593 963 1672 expugnata
993 1591 1058 1664 est,
1090 1587 1281 1671 apostolico
1311 1590 1347 1651 et

175 1676 259 1740 urbe
283 1677 325 1740 de
348 1677 495 1741 inimicis
518 1676 674 1741 liberato.
1193 1758 1196 1763 y

283 1763 401 1828 Omnis
424 1785 572 1848 namque
595 1769 734 1829 senatus
749 1766 983 1829 Romanorum
1005 1785 1140 1829 necnon
1157 1763 1345 1828 Grecorum

176 1853 268 1917 scola
300 1873 378 1916 oum
407 1853 541 1917 vexillis
571 1857 607 1917 et
637 1854 793 1917 crucibus
828 1854 872 1917 ad
902 1858 1044 1938 pontem
1073 1852 1265 1916 Ma1vium1
1293 1874 1344 1917 ve·

175 1941 309 2005 nientes
333 1960 449 2024 regem
472 1942 659 2006 honorifice
683 1963 762 2005 cum
783 1943 894 2026 ymnis
918 1946 953 2006 et
976 1941 1138 2006 laudibus
1161 1942 1344 2025 suscipien-

175 2033 228 2094 tes
246 2030 290 2092 ad
305 2029 425 2093 urbem
441 2031 675 2113 perduxerunt
683 2031 704 2091 ².
736 2025 829 2094 *Iam
845 2030 1053 2115 apostolicus
1069 2033 1214 2114 paterno
1231 2051 1343 2094 amore
1353 2050 1427 2098 *rna

176 2116 351 2200 diligendo
374 2138 490 2201 regem
513 2122 594 2182 ante
616 2119 813 2202 paradisum
835 2118 920 2197 loco,
946 2120 1005 2202 qui
1029 2118 1156 2183 dicitur
1172 2117 1344 2183 Gradibus

176 2206 286 2270 sancti
308 2206 413 2283 Petri,
444 2206 631 2289 suscipiens
662 2210 696 2271 et
724 2210 868 2272 honeste
896 2208 941 2271 ad
963 2207 1141 2273 basilicam
1163 2207 1344 2272 beatorum

174 2295 369 2378 principum
385 2295 617 2379 apostolorum
637 2295 855 2359 laetificando
878 2297 1072 2361 introduxit
1096 2300 1131 2360 et
1154 2298 1344 2360 secundum

175 2404 304 2446 morem
342 2387 594 2448 antecessorum
634 2404 772 2448 suorum
805 2384 1019 2467 imperialem
1053 2385 1343 2449 consecrationem

175 2492 336 2536 coronam
359 2472 463 2555 capiti
487 2472 551 2535 sibi
574 2473 741 2556 inponens
765 2492 916 2536 cesarem
938 2477 1123 2556 augustum
1144 2471 1342 2555 appellavit.

173 2559 356 2642 Dispositis
380 2561 429 2623 ibi
452 2561 665 2624 multimodis
688 2560 789 2623 rebus
814 2561 924 2624 omnis
939 2562 1172 2626 Romanorum
1196 2561 1342 2645 populus

174 2649 218 2711 ad
241 2652 400 2711 sanctum
422 2649 570 2712 Paulum
598 2669 676 2712 curn
703 2649 897 2713 iuramento
922 2649 1119 2734 imperatori
1143 2651 1249 2714 fidem
1271 2670 1342 2732 pro·

173 2736 362 2800 mittentes.
414 2737 652 2801 Iuramentum
681 2757 762 2801 vero
791 2737 894 2815 illud,
925 2758 969 2802 ne
999 2758 1100 2819 quem
1130 2737 1254 2814 lateat,
1287 2737 1342 2800 hic

173 2825 322 2888 inserere
352 2827 604 2908 proposuimus:
637 2825 728 2889 ‘Iuro
757 2846 819 2909 per
848 2827 912 2890 hec
942 2827 1057 2889 omnia
1079 2825 1145 2890 Dei
1168 2826 1340 2908 mysteria,

173 2914 265 2995 quod
288 2912 383 2975 salvo
406 2913 535 2977 honore
558 2917 594 2978 et
617 2913 693 2997 lege
716 2934 793 2978 mea
816 2918 919 2997 atque
942 2913 1109 2978 fidelitate
1131 2914 1249 2978 domni
1265 2914 1342 2978 For·

172 3001 258 3065 mosi
288 3020 397 3084 papae
427 3001 537 3064 fidelis
566 3022 642 3065 sum
665 3005 700 3066 et
724 3021 781 3066 ero
805 3002 962 3067 omnibus
987 3002 1106 3067 diebus
1130 3002 1222 3066 vitae
1235 3022 1342 3074 meae

173 3088 320 3154 Arnolio
344 3089 542 3172 imperatori
565 3093 600 3154 et
622 3111 812 3173 numquam
834 3111 888 3154 me
916 3091 959 3154 ad
982 3090 1076 3154 illius
1098 3089 1342 3154 infidelitatem

174 3199 252 3242 cum
275 3177 391 3261 aliquo
414 3178 552 3243 homine
576 3178 728 3254 sociabo;
761 3182 796 3243 et
819 3180 1009 3262 Lantperto
1032 3178 1104 3243 filio
1127 3177 1342 3262 Agildrudae

172 3266 228 3332 vel
250 3267 316 3351 ipsi
339 3267 443 3330 matri
466 3287 547 3330 suae
570 3267 614 3329 ad
637 3266 827 3331 secularem
854 3267 1018 3331 honorem
1042 3286 1231 3350 numquam
1251 3267 1342 3330 adiu-

171 3357 297 3420 torium
328 3355 478 3439 prebebo
508 3358 542 3419 et
572 3356 662 3418 hanc
692 3356 868 3419 civitatem
890 3355 1035 3419 Romam
1063 3355 1129 3439 ipsi
1151 3356 1343 3439 Lantperto

172 3445 228 3508 vel
251 3444 351 3507 matri
370 3445 442 3509 eius
458 3443 671 3526 Agildrudae
687 3444 743 3508 vel
767 3463 884 3507 eorum
898 3443 1095 3508 hominibus
1118 3463 1179 3527 per
1202 3444 1343 3527 aliquod

172 3532 351 3616 ingenium
374 3537 435 3597 aut
459 3535 700 3615 argumentum
723 3553 792 3595 non
814 3531 970 3595 tradam’.

278 3622 363 3686 Post
401 3623 485 3685 haec
523 3623 641 3684 autem
677 3619 923 3684 Constantinus
962 3624 997 3684 et
1032 3620 1243 3705 Stephanus,
1284 3620 1343 3703 qui

173 3711 317 3773 maiores
340 3710 431 3773 inter
454 3712 613 3772 senatum
636 3711 744 3786 erant,
775 3709 826 3772 rei
855 3702 1065 3772 maiestatisb
1093 3729 1165 3773 esse
1189 3708 1344 3772 accusati

173 3801 264 3873 sunt,
289 3798 370 3878 quia
393 3817 470 3859 oum
490 3797 703 3878 Agildrude⁰
726 3797 820 3880 prius
843 3796 964 3860 urbem
988 3798 1189 3880 capiendam
1213 3797 1343 3881 conspi-

172 3904 306 3960 ravere3
346 3903 429 3966 quos
467 3903 527 3947 rex
564 3885 638 3949 sine
676 3905 772 3948 mora
807 3885 1050 3968 comprehendi
1085 3887 1119 3947 et
1154 3904 1273 3948 secum
1308 3885 1344 3947 in

173 3972 335 4035 Baioaria
362 3972 542 4035 transferri
572 3975 736 4057 precepit.
783 3974 911 4048 Urbem
932 3993 1013 4036 vero
1043 3974 1087 4035 ad
1117 3992 1196 4036 suas
1220 3993 1344 4037 manus

174 4060 434 4124 custodiendam
456 4058 604 4125 Faroldo
628 4063 766 4126 cuidam
787 4060 934 4126 vassallo
958 4060 1141 4136 concessit3
1169 4061 1244 4144 ipse
1267 4062 1344 4126 XV.

173 4207 196 4253 a)
210 4209 265 4243 nuto
280 4205 299 4246 3.
352 4203 376 4252 b)
389 4204 509 4252 magestas
523 4205 542 4246 3.
597 4208 618 4254 c)
631 4205 750 4264 agildrudp
765 4210 784 4251 3.

174 4320 201 4383 1)
217 4319 298 4370 Ponte
316 4319 404 4373 Molle.
476 4319 503 4385 2)
520 4320 615 4373 Altero
629 4329 691 4389 post
708 4323 927 4389 sepaparationem
944 4322 995 4387 dic,
1017 4321 1131 4385 fortasse
1149 4320 1229 4376 Febr.
1242 4324 1294 4385 22·
1312 4324 1346 4388 of.

173 4389 348 4441 Mdblbocbcr
365 4390 389 4455 I,
406 4407 434 4457 p.
448 4391 509 4455 698,
529 4391 671 4444 Dammae
688 4392 741 4456 III,
759 4409 787 4458 p.
805 4394 867 4446 420.
