2978 4934
422 442 602 498 AUCTORE
619 442 832 500 RUODOLFO.
869 444 904 501 A.
923 447 984 502 863.
1273 449 1308 502 61

246 619 327 676 OAP.
346 619 402 676 111.
438 620 485 672 Ad
503 620 629 673 ultimum
648 625 761 673 autema
783 638 832 673 nos
851 621 955 675 evocati
979 621 1014 675 ad
1032 625 1107 674 tuam
1126 622 1307 690 praesentiam

137 691 250 746 deducti
268 709 360 744 sumus
378 691 445 744 nihil
464 692 633 744 adversitatis
656 692 837 759 suspicantem
863 692 955 758 ibique
980 693 1111 745 obseratis
1137 694 1211 746 ostiis
1234 693 1309 746 facta

136 779 215 816 more
238 762 390 816 latrocinali
413 760 632 830 conspirationeb
656 779 690 815 ex
708 760 812 815 clericis
831 765 859 815 et
877 762 950 815 laicis
968 763 1050 816 turba
1068 764 1182 816 collecta
1200 767 1228 816 ct
1245 782 1307 832 per-

136 834 236 899 mixta,
262 850 312 885 nos
336 833 470 886 violenter
495 833 566 885 inter
590 836 680 885 tantos
706 833 878 901 0111111111ὓ
909 833 1048 899 studuisti,
1074 833 1176 904 longa<l
1205 835 1307 887 scilicet

136 903 361 972 intercapedines
385 903 517 956 anostris
537 903 996 972 110111011111110111101111011
1022 908 1103 971 atque
1128 905 1185 957 sine
1210 905 1306 958 sinodo

137 978 167 1029 11
186 975 316 1028 canonico
335 975 468 1040 examine,
494 974 568 1026 nullo
588 978 741 1042 accusante,
765 975 840 1026 nullo
860 974 1021 1028 testificante
1040 975 1168 1042 nullaque
1187 975 1307 1043 disputa-

138 1045 223 1099 cionis
256 1044 421 1098 discrecione
453 1044 597 1098 dirimente
629 1045 673 1098 vel
700 1045 894 1098 auctoritatum
924 1045 1086 1113 probatione
1119 1046 1307 1112 convincente,

138 1116 240 1183 absque
264 1117 350 1169 nostri
368 1117 421 1169 oris
441 1114 617 1181 confessione,
643 1116 798 1168 absentibus
824 1116 882 1168 aliis
905 1116 1122 1184 metropolitanis
1141 1121 1169 1170 et
1187 1116 1306 1170 diocesa-

137 1187 197 1240 neis
215 1186 381 1255 coepiscopis
400 1192 428 1240 et
446 1186 628 1239 confratribus
647 1186 753 1253 nostris,
779 1189 856 1239 extra
874 1187 996 1238 omnium
1015 1187 1125 1240 omnino
1145 1204 1306 1240 consensum

137 1262 187 1310 tuo
206 1257 287 1310 solius
305 1257 417 1310 arbitrio
436 1262 464 1309 et
481 1258 623 1325 tyrannico
641 1256 734 1310 furore
752 1261 859 1310 nosmet
877 1256 1027 1311 damnares
1048 1258 1165 1326 voluisti,
1187 1258 1303 1310 subitos

137 1328 257 1396 quadam
275 1327 326 1380 tibi
344 1328 448 1381 cartula
466 1332 494 1381 et
512 1329 648 1396 inprovise
666 1332 801 1396 porrecta,
820 1329 927 1382 lectoris
941 1327 1061 1381 officium
1078 1345 1223 1396 assumens,
1242 1329 1306 1381 assi-

138 1403 229 1452 stente
246 1399 324 1451 lateri
341 1402 390 1451 tuo
408 1397 562 1464 Anastasio,
586 1398 651 1452 olim
675 1400 834 1467 presbytero
854 1399 970 1452 ambitus
989 1399 1118 1452 damnato
1137 1402 1165 1452 et
1183 1399 1307 1467 deposito

138 1474 167 1524 et
185 1467 445 1537 anathematizatoh,
464 1470 540 1523 cuius
559 1471 690 1523 scelerato
708 1469 864 1539 magisterio
883 1474 946 1522 tuus
963 1470 1160 1550 praecipitatur
1177 1469 1260 1525 furor.

246 1538 328 1594 cAP.
347 1537 426 1595 11Πῖ
458 1539 533 1610 Ergo
558 1543 634 1592 tuam
659 1557 772 1607 pravam
798 1541 977 1594 sententiam¹
1013 1558 1029 1593 a
1053 1541 1110 1595 zelo
1136 1540 1307 1593 rectitudinis

138 1611 255 1664 alienam
264 1610 294 1679 k,
319 1610 446 1663 iniustam
465 1614 493 1663 et
509 1610 737 1678 inrationabilem,
763 1611 899 1664 canonicis
924 1611 1030 1680 legibus
1052 1609 1233 1664 contrariaml
1259 1628 1305 1663 ne·

138 1698 276 1749 quaquam
293 1681 447 1749 recipimus,
472 1681 589 1734 immom
607 1698 670 1733 cum
689 1682 764 1733 omni
782 1685 844 1735 cetu
862 1681 983 1735 fraterno
1008 1683 1084 1749 quasi
1106 1682 1181 1734 nefas
1199 1685 1301 1748 atqucn

137 1752 314 1806 maledictum
337 1752 438 1805 frustra
459 1753 597 1820 prolatum
623 1752 821 1805 contemnimus
845 1757 927 1819 atque
949 1753 1094 1819 abluimus,
1120 1753 1224 1819 tibique
1243 1770 1306 1805 ana-

137 1824 395 1878 thematizatorum0
419 1826 446 1876 et
463 1823 601 1890 religionis
619 1833 735 1876 sacrael)
753 1823 921 1876 obiectorum
934 1827 962 1876 et
974 1827 1193 1892 contemptorum
1206 1823 1307 1876 fautori

138 1899 168 1948 et
186 1893 410 1948 communicatori
428 1910 523 1947 revera
542 1893 743 1946 communicare
761 1896 919 1962 1011111111,
939 1894 1061 1947 contenti
1078 1894 1162 1947 totius
1177 1895 1306 1948 ecclesiae

138 1965 344 2018 *communione
369 1969 397 2017 et
421 1964 543 2017 fraterna
567 1965 704 2032 societate,
730 1981 812 2031 quam
830 1968 861 2016 tu
880 1967 1039 2034 arroganter
1056 1967 1084 2018 te
1103 1967 1307 2034 superexaltans

138 2036 253 2104 despicis
271 2039 352 2102 teque
371 2035 405 2088 ab
425 2052 457 2088 ea
475 2035 598 2088 elationis
617 2039 724 2088 tumore
741 2035 884 2104 indignum
903 2035 1004 2089 faciens
1023 2046 1181 2106 segregasr.

245 2105 326 2162 GAP.
345 2106 381 2162 V.
417 2104 507 2176 Igitur
525 2123 559 2159 ex
576 2109 659 2159 tuae⁸
683 2106 799 2159 levitatis
817 2107 971 2160 temeritate
991 2107 1103 2175 propria
1120 2107 1228 2160 tibimet
1246 2123 1305 2159 sen·

137 2177 224 2230 tentia
242 2176 421 2231 anathematis
439 2177 566 2246 plagamt
590 2177 712 2230 inflixisti
726 2177 894 2230 exclamans:
915 2177 977 2245 ‘Qui
995 2177 1142 2245 apostolica
1160 2180 1308 2245 praecepta

137 2265 193 2301 non
215 2252 312 2315 servat,
339 2247 483 2300 anathema
509 2248 564 2313 sit'3
609 2264 660 2300 uae
678 2251 709 2300 tu
727 2248 913 2316 multipliciter
931 2248 1032 2301 violare
1051 2251 1079 2300 et
1096 2248 1210 2300 violasse
1228 2246 1304 2299 dino-

137 2319 219 2373 sceris
232 2318 336 2372 divinas
353 2318 427 2387 leges
446 2318 526 2370 simul
545 2321 572 2371 et
591 2335 680 2371 sacros
694 2335 809 2371 canones
823 2319 950 2371 calcansu
967 2323 1001 2386 et,
1021 2322 1154 2385 quantum
1172 2317 1200 2368 in
1215 2320 1243 2369 te
1256 2321 1306 2383 est,

137 2406 278 2457 evacuans,
304 2389 543 2457 praedecessorum
568 2392 678 2442 tuorum
701 2387 863 2456 pontificum
881 2389 1070 2442 Romanorum
1090 2388 1205 2458 vestigia
1229 2387 1306 2454 sequi

136 2461 240 2516 nolens.

245 2529 326 2586 clf.
345 2528 396 2585 VI.
432 2528 513 2582 Nunc
532 2547 606 2598 ergo,
625 2530 709 2597 quiav
731 2529 941 2583 fraudulentiam
959 2533 988 2583 et
1006 2530 1182 2583 calliditatem
1199 2533 1305 2582 tuamw

138 2602 244 2671 experti
269 2618 369 2666 sumus,
394 2600 631 2670 indignationemx
652 2617 761 2668 quoque
779 2601 969 2668 tumidumque
991 2605 1164 2670 potentatum
1183 2600 1305 2668 agnosci·

136 2689 206 2738 mus,
225 2671 293 2724 nihil
310 2671 361 2723 tibi
378 2675 496 2738 tuaeque
514 2671 682 2740 superbires
698 2670 827 2740 cedimus,
846 2689 900 2738 qua
917 2688 967 2725 nos
986 2672 1020 2724 ad
1034 2675 1117 2725 votaz
1140 2675 1305 2738 nostrorum,

138 2742 235 2810 quibus
256 2742 339 2810 faves,
365 2741 537 2795 inimicorum
556 2742 672 2795 obruere
691 2742 851 2807 festinabas3
877 2742 998 2810 sciesque
1017 2759 1066 2797 nos
1084 2759 1140 2795 non
1158 2745 1219 2794 tuos
1239 2757 1305 2808 esse,

138 2817 170 2866 ut
186 2816 215 2866 te
233 2813 317 2866 iactas
336 2815 363 2866 11
381 2813 495 2880 extollis,
515 2813 635 2880 clericos,
654 2830 721 2879 quos
740 2816 771 2865 ut
788 2813 886 2866 fratres
905 2818 933 2867 et
949 2813 1122 2882 coepiscopos
1134 2829 1305 2882 regnoscere,

138 2885 160 2936 si
179 2884 281 2937 elatioa
302 2884 481 2952 permitteret,
508 2883 648 2939 debueras.
685 2884 721 2937 Et
747 2884 814 2937 hacc
839 2884 890 2937 tibi
915 2885 1001 2938 nostri
1026 2885 1201 2937 0111111101
1219 2883 1325 2954 inscii,¹

138 2953 287 3007 nimirumb
317 2959 364 3007 tua
389 2954 554 3022 inprobitate
580 2955 702 3022 conpulsi
727 2955 936 3023 respondemus,
962 2972 1018 3008 non
1043 2955 1119 3022 quasi
1145 2954 1179 3007 ad
1202 2954 1305 3006 illatam

138 3025 216 3078 nobis
236 3025 428 3078 contumeliam
446 3026 618 3092 provocatio,
639 3025 686 3078 sed
705 3030 801 3078 contra
819 3030 894 3079 tuam
912 3026 1084 3093 iniquitatem
1100 3022 1302 3079 ecclesiasticod

137 3097 195 3149 zelo
209 3095 322 3161 accensi,
341 3112 392 3148 nec
405 3099 513 3148 nostrae
525 3095 655 3148 vilitatise
675 3112 821 3163 personam
840 3097 1019 3161 attendentes,
1038 3096 1086 3149 sed
1098 3113 1208 3149 omnem
1220 3094 1306 3148 nostri

139 3167 240 3219 ordinis
259 3166 471 3232 universitatem,
491 3166 535 3219 cui
553 3166 608 3218 vim
626 3166 727 3220 inferre
747 3167 861 3235 conaris,
879 3184 946 3235 prae
964 3167 1048 3221 oculis
1067 3166 1234 3223 habentes'².

493 3259 573 3323 Huc
595 3280 702 3341 usque
725 3254 953 3324 Ruodolfusf.

138 3431 273 3478 1)111111Η.
331 3432 354 3479 b)
369 3443 444 3480 consp.
458 3442 487 3473 m.
500 3432 551 3473 latr.
565 3432 580 3473 f.
596 3437 619 3472 et
633 3432 661 3473 H.
715 3434 736 3479 0)
750 3443 813 3481 oppr.
828 3432 888 3470 inter
902 3435 918 3474 t.
931 3431 985 3472 viol.
999 3431 1027 3472 Π.
1085 3429 1108 3478 1)
1122 3431 1228 3478 louga-
1242 3441 1309 3479 sepa-

139 3485 301 3526 1110111111.
369 3484 390 3535 e)
404 3485 464 3523 inter
478 3482 610 3534 sampedine
624 3487 642 3527 3.
710 3485 728 3537 f)
742 3482 762 3526 d.
778 3489 866 3524 nosmet
879 3485 907 3525 H.
976 3484 999 3535 g)
1012 3484 1086 3523 subito
1101 3483 1308 3524 -11101111111,

139 3537 163 3584 h)
176 3538 320 3576 anathemato
334 3537 353 3578 3.
425 3537 441 3587 i)
456 3535 500 3576 Sed
515 3542 576 3576 tuam
590 3534 731 3576 maledictam
746 3542 803 3580 sent.
818 3538 845 3579 H.
914 3536 939 3587 k)
952 3549 966 3576 1
980 3542 1075 3587 paterna
1088 3536 1228 3589 benignitate
1242 3536 1277 3584 al.,
1293 3547 1307 3574 a

139 3591 239 3629 fraterna
253 3591 351 3629 karitate
365 3595 495 3629 extraneam
510 3591 538 3632 H.
596 3591 613 3637 1)
627 3589 747 3630 adversum
760 3602 800 3630 nos
816 3591 898 3630 iniuste
914 3595 937 3630 et
951 3590 1139 3629 inrationabiliter
1154 3594 1232 3628 contra
1246 3589 1307 3637 leges

139 3643 258 3682 canonicas
272 3643 382 3693 prolatam
396 3643 424 3684 H.
504 3645 535 3690 m)
553 3654 627 3693 ymmo
641 3645 660 3685 3.
741 3647 764 3692 n)
783 3645 827 3686 nef.
841 3654 861 3685 a.
875 3645 918 3686 dae.
932 3644 960 3685 H.
1041 3645 1062 3690 ο)
1080 3643 1274 3681 anatheinatorum
1288 3642 1308 3684 3.

139 3698 163 3744 p)
176 3707 240 3735 sacre
254 3696 272 3737 3.
339 3698 362 3744 q)
380 3697 412 3734 'Pe
431 3696 504 3746 ipsum
522 3707 613 3745 quoque
630 3695 756 3746 dampnatis
775 3702 799 3736 et
816 3696 1011 3736 anathematizatis
1029 3706 1160 3744 sacramque
1176 3695 1308 3743 religionem

139 3749 288 3788 abicientibus
306 3759 333 3787 ac
352 3749 562 3798 contempnentibus
581 3750 695 3789 faventem
713 3754 736 3789 et
754 3751 954 3789 communicantem
971 3749 996 3787 in
1014 3753 1113 3788 nostram
1130 3749 1308 3787 communionem

139 3806 284 3850 nostrumque
299 3803 434 3841 consortium
449 3802 550 3850 recipere
564 3803 667 3842 nolumus
681 3803 710 3844 H.
756 3804 775 3854 r)
789 3807 917 3852 sequestras
932 3802 960 3844 H.
1001 3802 1020 3853 1)
1035 3803 1105 3843 11113.
1148 3804 1264 3850 opertam
1280 3801 1309 3844 II.

139 3855 231 3903 u)calc.
247 3854 368 3896 striculi.
436 3854 459 3906 v)
473 3855 505 3892 ita
520 3855 561 3903 H.;
579 3856 618 3904 qui
632 3857 651 3897 3.
713 3855 744 3905 w)
758 3857 790 3894 itu
804 3857 845 3903 H.,·
864 3857 920 3894 deest
934 3856 952 3897 3.
1017 3857 1041 3902 x)
1056 3853 1101 3896 ind.
1116 3876 1142 3882 —
1157 3855 1258 3904 conpulsi
1273 3865 1308 3892 re-

139 3905 274 3956 spondemus
289 3908 331 3948 des.
346 3907 374 3949 H.
428 3910 451 3957 y)
466 3912 549 3956 tueque
565 3909 669 3957 superbie
683 3908 702 3950 3.
757 3911 777 3956 s)
791 3914 845 3948 nota
858 3910 877 3950 3.
938 3910 959 3955 a)
973 3908 1022 3947 sine
1037 3909 1091 3947 latio
1105 3909 1124 3950 3.
1179 3909 1201 3955 b)
1216 3907 1308 3946 nimium

139 3965 200 3999 tuam
214 3961 233 4002 3.
281 3963 302 4007 o)
315 3970 379 4009 prov.
389 3971 464 3999 sumus
479 3960 507 4002 H.
558 3959 580 4008 d)
595 3961 661 4003 ecles.
675 3961 699 4010 33
714 3962 770 3999 deest
784 3962 812 4003 H.
868 3963 888 4009 e)
902 3961 1007 4001 utilitatis
1022 3962 1040 4003 3.
1094 3961 1192 4009 noerio
1205 3961 1233 4002 Η.
1246 3971 1268 4000 u.
1282 3961 1310 4000 R.

138 4015 162 4051 in
176 4014 246 4051 codiee
260 4015 271 4051 1
287 4015 316 4051 ad
330 4013 392 4060 finem
407 4025 426 4056 o.
441 4014 487 4054 863.
501 4015 600 4061 marpissa
614 4014 719 4061 adscripti
732 4015 775 4056 1111,
789 4015 807 4055 3.
822 4015 841 4056 3,

140 4153 166 4220 1)
184 4155 218 4205 In
236 4155 351 4221 epistula
373 4155 411 4205 od
428 4156 558 4221 episcopos
575 4155 675 4205 directo
696 4155 890 4223 archiepiscopi
907 4157 1020 4222 depositi
1037 4156 1143 4207 omissis
1160 4155 1245 4206 uerbis
1268 4153 1308 4203 in-

139 4223 325 4292 dignationem
344 4253 378 4261 —
398 4224 521 4291 conpulsi
539 4224 733 4290 respondemus
759 4228 898 4293 septimum
917 4233 996 4292 caput
1013 4226 1174 4291 adiecerunt,
1200 4227 1230 4276 in
1248 4239 1308 4290 quo,

140 4297 214 4362 ‘quid
232 4311 295 4348 suae
313 4297 436 4362 specialis
450 4297 643 4362 propositionis
660 4312 765 4348 stamina
783 4298 875 4361 feeerit,
895 4298 925 4347 in
940 4299 1036 4363 paucis
1053 4296 1202 4364 replicant’.
